<?xml version="1.0" encoding="UTF-8"?>
<!DOCTYPE html PUBLIC "-//W3C//DTD XHTML 1.0 Transitional//EN"
    "http://www.w3.org/TR/xhtml1/DTD/xhtml1-transitional.dtd">
<html xmlns="http://www.w3.org/1999/xhtml" xml:lang="en" lang="en">
 <head>
  <title>
</title>
<meta http-equiv="Content-Type" content="text/html;charset=utf-8" />
  <meta name='ocr-system' content='tesseract 3.04.00' />
  <meta name='ocr-capabilities' content='ocr_page ocr_carea ocr_par ocr_line ocrx_word'/>
</head>
<body>
  <div class='ocr_page' id='page_1' title='image "./dmagniausoniibu00ausogoog_0189.png"; bbox 0 0 2804 4764; ppageno 0'>
   <div class='ocr_carea' id='block_1_1' title="bbox 229 311 972 377">
    <p class='ocr_par' dir='ltr' id='par_1_1' title="bbox 229 311 972 377">
     <span class='ocr_line' id='line_1_1' title="bbox 229 311 972 377; baseline -0.012 0"><span class='ocrx_word' id='word_1_1' title='bbox 229 311 314 377; x_wconf 80' lang='lat'>1068</span> <span class='ocrx_word' id='word_1_2' title='bbox 576 323 684 372; x_wconf 74' lang='lat' dir='ltr'>norm</span> <span class='ocrx_word' id='word_1_3' title='bbox 708 321 906 369; x_wconf 82' lang='lat' dir='ltr'>vsurouurs</span> <span class='ocrx_word' id='word_1_4' title='bbox 934 319 972 368; x_wconf 79' lang='grc' dir='ltr'>ιιι</span> 
     </span>
    </p>
   </div>
   <div class='ocr_carea' id='block_1_2' title="bbox 212 458 1323 4136">
    <p class='ocr_par' dir='ltr' id='par_1_2' title="bbox 228 458 1318 608">
     <span class='ocr_line' id='line_1_2' title="bbox 228 458 1318 528; baseline -0.012 -10"><span class='ocrx_word' id='word_1_5' title='bbox 228 482 315 528; x_wconf 81' lang='lat' dir='ltr'>meru,</span> <span class='ocrx_word' id='word_1_6' title='bbox 344 463 471 528; x_wconf 78' lang='lat' dir='ltr'>viridique</span> <span class='ocrx_word' id='word_1_7' title='bbox 507 471 628 527; x_wconf 72' lang='lat' dir='ltr'>augustat</span> <span class='ocrx_word' id='word_1_8' title='bbox 655 462 755 527; x_wconf 87' lang='lat' dir='ltr'>inepide</span> <span class='ocrx_word' id='word_1_9' title='bbox 792 462 937 527; x_wconf 67' lang='lat' dir='ltr'>equitantes</span> <span class='ocrx_word' id='word_1_10' title='bbox 949 474 1007 509; x_wconf 91' lang='lat' dir='ltr'>cum</span> <span class='ocrx_word' id='word_1_11' title='bbox 1024 459 1084 509; x_wconf 85' lang='lat' dir='ltr'>liliis</span> <span class='ocrx_word' id='word_1_12' title='bbox 1100 458 1271 522; x_wconf 84' lang='lat' dir='ltr'>Pbilosopbos</span> <span class='ocrx_word' id='word_1_13' title='bbox 1281 458 1318 506; x_wconf 80' lang='lat' dir='ltr'>le-</span> 
     </span>
     <span class='ocr_line' id='line_1_3' title="bbox 229 537 989 608; baseline -0.011 -16"><span class='ocrx_word' id='word_1_14' title='bbox 229 549 331 608; x_wconf 85' lang='lat' dir='ltr'>pectus,</span> <span class='ocrx_word' id='word_1_15' title='bbox 346 539 554 603; x_wconf 76' lang='lat' dir='ltr'>substringitque</span> <span class='ocrx_word' id='word_1_16' title='bbox 571 552 669 588; x_wconf 89' lang='lat' dir='ltr'>comam</span> <span class='ocrx_word' id='word_1_17' title='bbox 687 552 756 601; x_wconf 73' lang='lat' dir='ltr'>pem·</span> <span class='ocrx_word' id='word_1_18' title='bbox 792 538 883 601; x_wconf 70' lang='lat' dir='ltr'>pimus.</span> <span class='ocrx_word' id='word_1_19' title='bbox 916 537 989 585; x_wconf 80' lang='lat' dir='ltr'>idest.</span> 
     </span>
    </p>

    <p class='ocr_par' dir='ltr' id='par_1_3' title="bbox 228 607 1323 980">
     <span class='ocr_line' id='line_1_4' title="bbox 229 607 1323 678; baseline -0.011 -11"><span class='ocrx_word' id='word_1_20' title='bbox 229 618 287 678; x_wconf 84' lang='lat' dir='ltr'>tuis,</span> <span class='ocrx_word' id='word_1_21' title='bbox 296 624 324 664; x_wconf 86' lang='lat' dir='ltr'>et</span> <span class='ocrx_word' id='word_1_22' title='bbox 335 615 404 666; x_wconf 87' lang='lat' dir='ltr'>colla</span> <span class='ocrx_word' id='word_1_23' title='bbox 414 613 501 662; x_wconf 87' lang='lat' dir='ltr'>monili</span> <span class='ocrx_word' id='word_1_24' title='bbox 513 613 621 674; x_wconf 85' lang='lat' dir='ltr'>Circuit,</span> <span class='ocrx_word' id='word_1_25' title='bbox 631 619 659 661; x_wconf 87' lang='lat' dir='ltr'>et</span> <span class='ocrx_word' id='word_1_26' title='bbox 670 613 757 661; x_wconf 78' lang='lat' dir='ltr'>bucula</span> <span class='ocrx_word' id='word_1_27' title='bbox 823 613 865 662; x_wconf 80' lang='grc' dir='ltr'>Δὶι</span> <span class='ocrx_word' id='word_1_28' title='bbox 884 614 964 661; x_wconf 71' lang='lat' dir='ltr'>nider</span> <span class='ocrx_word' id='word_1_29' title='bbox 989 611 1012 659; x_wconf 86' lang='lat' dir='ltr'>el</span> <span class='ocrx_word' id='word_1_30' title='bbox 1030 608 1149 673; x_wconf 70' lang='grc' dir='ltr'>γέρπιι]</span> <span class='ocrx_word' id='word_1_31' title='bbox 1174 608 1221 657; x_wconf 85' lang='lat' dir='ltr'>Bia</span> <span class='ocrx_word' id='word_1_32' title='bbox 1243 607 1323 671; x_wconf 88' lang='lat' dir='ltr'>pueri</span> 
     </span>
     <span class='ocr_line' id='line_1_5' title="bbox 229 688 1323 747; baseline -0.011 -4"><span class='ocrx_word' id='word_1_33' title='bbox 229 699 321 743; x_wconf 80' lang='lat' dir='ltr'>onerat</span> <span class='ocrx_word' id='word_1_34' title='bbox 348 688 519 740; x_wconf 76' lang='lat' dir='ltr'>candentibus</span> <span class='ocrx_word' id='word_1_35' title='bbox 543 688 634 738; x_wconf 67' lang='lat' dir='ltr'>turea!</span> <span class='ocrx_word' id='word_1_36' title='bbox 668 688 756 736; x_wconf 79' lang='lat' dir='ltr'>Greci</span> <span class='ocrx_word' id='word_1_37' title='bbox 792 703 875 737; x_wconf 90' lang='lat' dir='ltr'>seues.</span> <span class='ocrx_word' id='word_1_38' title='bbox 919 689 1043 736; x_wconf 76' lang='lat' dir='ltr'>Extrema</span> <span class='ocrx_word' id='word_1_39' title='bbox 1069 693 1204 734; x_wconf 84' lang='lat' dir='ltr'>senectute</span> <span class='ocrx_word' id='word_1_40' title='bbox 1229 697 1323 747; x_wconf 82' lang='lat' dir='ltr'>repue·</span> 
     </span>
     <span class='ocr_line' id='line_1_6' title="bbox 228 759 1322 833; baseline -0.008 -17"><span class='ocrx_word' id='word_1_41' title='bbox 228 781 330 833; x_wconf 81' lang='lat' dir='ltr'>quoque</span> <span class='ocrx_word' id='word_1_42' title='bbox 341 765 481 828; x_wconf 71' lang='lat' dir='ltr'><strong>puellarum</strong></span> <span class='ocrx_word' id='word_1_43' title='bbox 499 764 653 827; x_wconf 72' lang='lat' dir='ltr'>elegantiam</span> <span class='ocrx_word' id='word_1_44' title='bbox 663 777 694 812; x_wconf 81' lang='lat' dir='ltr'>ec</span> <span class='ocrx_word' id='word_1_45' title='bbox 705 761 755 812; x_wconf 75' lang='lat' dir='ltr'>ior·</span> <span class='ocrx_word' id='word_1_46' title='bbox 793 769 898 812; x_wconf 81' lang='lat' dir='ltr'>ruscuut</span> <span class='ocrx_word' id='word_1_47' title='bbox 914 762 1040 822; x_wconf 81' lang='lat' dir='ltr'>homines,</span> <span class='ocrx_word' id='word_1_48' title='bbox 1058 768 1087 810; x_wconf 91' lang='lat' dir='ltr'>et</span> <span class='ocrx_word' id='word_1_49' title='bbox 1102 759 1271 822; x_wconf 68' lang='lat' dir='ltr'>desipiscunt,</span> <span class='ocrx_word' id='word_1_50' title='bbox 1291 764 1322 807; x_wconf 91' lang='lat' dir='ltr'>ut</span> 
     </span>
     <span class='ocr_line' id='line_1_7' title="bbox 228 834 1323 901; baseline -0.008 -8"><span class='ocrx_word' id='word_1_51' title='bbox 228 856 279 893; x_wconf 83' lang='lat' dir='ltr'>mse</span> <span class='ocrx_word' id='word_1_52' title='bbox 291 839 371 890; x_wconf 89' lang='lat' dir='ltr'>decus</span> <span class='ocrx_word' id='word_1_53' title='bbox 388 838 495 889; x_wconf 82' lang='lat' dir='ltr'>indiceri</span> <span class='ocrx_word' id='word_1_54' title='bbox 511 838 574 888; x_wconf 84' lang='lat' dir='ltr'>satis</span> <span class='ocrx_word' id='word_1_55' title='bbox 584 838 703 899; x_wconf 82' lang='lat' dir='ltr'>credunt,</span> <span class='ocrx_word' id='word_1_56' title='bbox 711 838 757 888; x_wconf 68' lang='grc' dir='ltr'>ιιι</span> <span class='ocrx_word' id='word_1_57' title='bbox 793 840 874 901; x_wconf 91' lang='lat' dir='ltr'>pueri.</span> <span class='ocrx_word' id='word_1_58' title='bbox 907 837 1077 887; x_wconf 80' lang='lat' dir='ltr'>Proverbiurn</span> <span class='ocrx_word' id='word_1_59' title='bbox 1101 835 1218 898; x_wconf 84' lang='lat' dir='ltr'>explicat</span> <span class='ocrx_word' id='word_1_60' title='bbox 1244 834 1323 884; x_wconf 78' lang='lat' dir='ltr'>Eras-</span> 
     </span>
     <span class='ocr_line' id='line_1_8' title="bbox 229 911 999 980; baseline -0.008 -14"><span class='ocrx_word' id='word_1_61' title='bbox 229 916 350 980; x_wconf 69' lang='lat' dir='ltr'>rbi&#39;dnsr,</span> <span class='ocrx_word' id='word_1_62' title='bbox 368 913 394 964; x_wconf 91' lang='lat' dir='ltr'>id</span> <span class='ocrx_word' id='word_1_63' title='bbox 413 922 463 975; x_wconf 86' lang='lat' dir='ltr'>est,</span> <span class='ocrx_word' id='word_1_64' title='bbox 480 913 547 964; x_wconf 87' lang='lat' dir='ltr'>bene</span> <span class='ocrx_word' id='word_1_65' title='bbox 565 915 673 977; x_wconf 86' lang='lat' dir='ltr'>cinctas,</span> <span class='ocrx_word' id='word_1_66' title='bbox 690 915 756 978; x_wconf 88' lang='lat' dir='ltr'>ipses</span> <span class='ocrx_word' id='word_1_67' title='bbox 793 927 856 962; x_wconf 82' lang='lat' dir='ltr'>rsus.</span> <span class='ocrx_word' id='word_1_68' title='bbox 893 911 999 961; x_wconf 79' lang='lat' dir='ltr'>Vinctus.</span> 
     </span>
    </p>

    <p class='ocr_par' dir='ltr' id='par_1_4' title="bbox 212 987 1321 2031">
     <span class='ocr_line' id='line_1_9' title="bbox 228 987 1321 1056; baseline -0.007 -14"><span class='ocrx_word' id='word_1_69' title='bbox 228 989 395 1056; x_wconf 83' lang='lat' dir='ltr'>appellsudo.</span> <span class='ocrx_word' id='word_1_70' title='bbox 428 991 476 1039; x_wconf 81' lang='lat' dir='ltr'>Est</span> <span class='ocrx_word' id='word_1_71' title='bbox 494 989 659 1054; x_wconf 85' lang='lat' dir='ltr'>quippecum</span> <span class='ocrx_word' id='word_1_72' title='bbox 675 990 756 1040; x_wconf 89' lang='lat' dir='ltr'>tutius</span> <span class='ocrx_word' id='word_1_73' title='bbox 823 988 965 1052; x_wconf 69' lang='lat' dir='ltr'>circuibas]</span> <span class='ocrx_word' id='word_1_74' title='bbox 983 989 1090 1037; x_wconf 83' lang='lat' dir='ltr'>Plautus</span> <span class='ocrx_word' id='word_1_75' title='bbox 1107 987 1257 1036; x_wconf 82' lang='lat' dir='ltr'>Meruetore</span> <span class='ocrx_word' id='word_1_76' title='bbox 1267 992 1321 1035; x_wconf 90' lang='lat' dir='ltr'>aet.</span> 
     </span>
     <span class='ocr_line' id='line_1_10' title="bbox 229 1062 1319 1130; baseline -0.007 -12"><span class='ocrx_word' id='word_1_77' title='bbox 229 1067 347 1130; x_wconf 88' lang='lat' dir='ltr'>corporis</span> <span class='ocrx_word' id='word_1_78' title='bbox 365 1074 426 1128; x_wconf 83' lang='lat' dir='ltr'>epta</span> <span class='ocrx_word' id='word_1_79' title='bbox 441 1066 468 1114; x_wconf 92' lang='lat' dir='ltr'>in</span> <span class='ocrx_word' id='word_1_80' title='bbox 486 1065 635 1128; x_wconf 70' lang='lat' dir='ltr'>virguncula</span> <span class='ocrx_word' id='word_1_81' title='bbox 654 1065 757 1127; x_wconf 76' lang='lat' dir='ltr'>gracili·</span> <span class='ocrx_word' id='word_1_82' title='bbox 792 1080 824 1116; x_wconf 84' lang='grc' dir='ltr'>ιι.</span> <span class='ocrx_word' id='word_1_83' title='bbox 846 1081 882 1116; x_wconf 87' lang='lat' dir='ltr'>sc.</span> <span class='ocrx_word' id='word_1_84' title='bbox 908 1069 932 1114; x_wconf 65' lang='grc' dir='ltr'>ι.</span> <span class='ocrx_word' id='word_1_85' title='bbox 974 1064 1083 1114; x_wconf 82' lang='lat' dir='ltr'>‘Senex</span> <span class='ocrx_word' id='word_1_86' title='bbox 1104 1075 1163 1112; x_wconf 88' lang='lat' dir='ltr'>cum</span> <span class='ocrx_word' id='word_1_87' title='bbox 1186 1062 1319 1124; x_wconf 74' lang='lat' dir='ltr'>extenplo</span> 
     </span>
     <span class='ocr_line' id='line_1_11' title="bbox 212 1137 1321 1208; baseline -0.005 -18"><span class='ocrx_word' id='word_1_88' title='bbox 212 1149 278 1208; x_wconf 64' lang='lat' dir='ltr'>tes,</span> <span class='ocrx_word' id='word_1_89' title='bbox 299 1149 351 1190; x_wconf 87' lang='lat' dir='ltr'>tum</span> <span class='ocrx_word' id='word_1_90' title='bbox 368 1141 394 1189; x_wconf 93' lang='lat' dir='ltr'>iu</span> <span class='ocrx_word' id='word_1_91' title='bbox 411 1146 519 1203; x_wconf 78' lang='lat' dir='ltr'>pectore</span> <span class='ocrx_word' id='word_1_92' title='bbox 539 1140 700 1202; x_wconf 69' lang='lat' dir='ltr'>presertim:</span> <span class='ocrx_word' id='word_1_93' title='bbox 724 1153 758 1186; x_wconf 88' lang='lat' dir='ltr'>ne</span> <span class='ocrx_word' id='word_1_94' title='bbox 792 1149 842 1203; x_wconf 80' lang='lat' dir='ltr'>eet,</span> <span class='ocrx_word' id='word_1_95' title='bbox 849 1143 902 1205; x_wconf 88' lang='lat' dir='ltr'>jam</span> <span class='ocrx_word' id='word_1_96' title='bbox 914 1156 961 1190; x_wconf 89' lang='lat' dir='ltr'>uec</span> <span class='ocrx_word' id='word_1_97' title='bbox 974 1141 1065 1200; x_wconf 84' lang='lat' dir='ltr'>sentit,</span> <span class='ocrx_word' id='word_1_98' title='bbox 1072 1153 1121 1189; x_wconf 89' lang='lat' dir='ltr'>nec</span> <span class='ocrx_word' id='word_1_99' title='bbox 1132 1137 1212 1202; x_wconf 86' lang='lat' dir='ltr'>sapit.</span> <span class='ocrx_word' id='word_1_100' title='bbox 1240 1137 1321 1186; x_wconf 76' lang='lat' dir='ltr'>Aiunt</span> 
     </span>
     <span class='ocr_line' id='line_1_12' title="bbox 230 1211 1269 1280; baseline -0.005 -13"><span class='ocrx_word' id='word_1_101' title='bbox 230 1218 272 1268; x_wconf 84' lang='lat' dir='ltr'>sel</span> <span class='ocrx_word' id='word_1_102' title='bbox 288 1219 364 1275; x_wconf 79' lang='lat' dir='ltr'>laun,</span> <span class='ocrx_word' id='word_1_103' title='bbox 375 1224 497 1280; x_wconf 83' lang='lat' dir='ltr'>tunqusm</span> <span class='ocrx_word' id='word_1_104' title='bbox 515 1216 541 1263; x_wconf 92' lang='lat' dir='ltr'>iu</span> <span class='ocrx_word' id='word_1_105' title='bbox 553 1228 689 1278; x_wconf 81' lang='lat' dir='ltr'>puerperr,</span> <span class='ocrx_word' id='word_1_106' title='bbox 703 1228 756 1262; x_wconf 84' lang='lat' dir='ltr'>me-</span> <span class='ocrx_word' id='word_1_107' title='bbox 792 1218 874 1267; x_wconf 86' lang='lat' dir='ltr'>selere</span> <span class='ocrx_word' id='word_1_108' title='bbox 887 1232 944 1266; x_wconf 85' lang='lat' dir='ltr'>eum</span> <span class='ocrx_word' id='word_1_109' title='bbox 956 1229 1054 1265; x_wconf 83' lang='lat' dir='ltr'>rursum</span> <span class='ocrx_word' id='word_1_110' title='bbox 1066 1211 1269 1277; x_wconf 68' lang='lat' dir='ltr'>repuerascere!</span> 
     </span>
     <span class='ocr_line' id='line_1_13' title="bbox 230 1286 1320 1354; baseline -0.006 -13"><span class='ocrx_word' id='word_1_111' title='bbox 230 1290 306 1342; x_wconf 75' lang='lat' dir='ltr'>millu</span> <span class='ocrx_word' id='word_1_112' title='bbox 329 1291 474 1354; x_wconf 76' lang='lat' dir='ltr'>pendeant:</span> <span class='ocrx_word' id='word_1_113' title='bbox 503 1290 543 1338; x_wconf 90' lang='lat' dir='ltr'>sel</span> <span class='ocrx_word' id='word_1_114' title='bbox 564 1289 756 1338; x_wconf 71' lang='lat' dir='ltr'>ultramodum</span> <span class='ocrx_word' id='word_1_115' title='bbox 825 1292 875 1342; x_wconf 87' lang='lat' dir='ltr'>No.</span> <span class='ocrx_word' id='word_1_116' title='bbox 887 1295 943 1340; x_wconf 72' lang='lat' dir='ltr'>stt.</span> <span class='ocrx_word' id='word_1_117' title='bbox 970 1286 1244 1350; x_wconf 77' lang='lat' dir='ltr'>lSeststs&#39;sssMssis]</span> <span class='ocrx_word' id='word_1_118' title='bbox 1262 1286 1320 1336; x_wconf 85' lang='lat' dir='ltr'>Hoc</span> 
     </span>
     <span class='ocr_line' id='line_1_14' title="bbox 231 1360 1320 1431; baseline -0.006 -15"><span class='ocrx_word' id='word_1_119' title='bbox 231 1367 409 1431; x_wconf 89' lang='lat' dir='ltr'>protuberent,</span> <span class='ocrx_word' id='word_1_120' title='bbox 418 1378 449 1414; x_wconf 89' lang='lat' dir='ltr'>sc</span> <span class='ocrx_word' id='word_1_121' title='bbox 462 1370 623 1423; x_wconf 79' lang='lat' dir='ltr'>tumescant3</span> <span class='ocrx_word' id='word_1_122' title='bbox 640 1363 686 1413; x_wconf 89' lang='lat' dir='ltr'>sed</span> <span class='ocrx_word' id='word_1_123' title='bbox 697 1378 757 1427; x_wconf 89' lang='lat' dir='ltr'>pro·</span> <span class='ocrx_word' id='word_1_124' title='bbox 794 1367 901 1415; x_wconf 82' lang='lat' dir='ltr'>cermeu</span> <span class='ocrx_word' id='word_1_125' title='bbox 913 1363 1021 1413; x_wconf 73' lang='lat' dir='ltr'>Ausonii</span> <span class='ocrx_word' id='word_1_126' title='bbox 1039 1362 1153 1412; x_wconf 76' lang='lat' dir='ltr'>divinum</span> <span class='ocrx_word' id='word_1_127' title='bbox 1171 1361 1263 1412; x_wconf 78' lang='lat' dir='ltr'>Peiitse</span> <span class='ocrx_word' id='word_1_128' title='bbox 1280 1360 1320 1410; x_wconf 88' lang='lat' dir='ltr'>in·</span> 
     </span>
     <span class='ocr_line' id='line_1_15' title="bbox 231 1437 1321 1503; baseline -0.006 -12"><span class='ocrx_word' id='word_1_129' title='bbox 231 1441 334 1491; x_wconf 62' lang='lat' dir='ltr'>minuis)</span> <span class='ocrx_word' id='word_1_130' title='bbox 352 1440 421 1489; x_wconf 80' lang='lat' dir='ltr'>intre</span> <span class='ocrx_word' id='word_1_131' title='bbox 436 1453 538 1488; x_wconf 86' lang='lat' dir='ltr'>manum</span> <span class='ocrx_word' id='word_1_132' title='bbox 554 1437 629 1489; x_wconf 90' lang='lat' dir='ltr'>condi</span> <span class='ocrx_word' id='word_1_133' title='bbox 649 1440 758 1501; x_wconf 87' lang='lat' dir='ltr'>possint,</span> <span class='ocrx_word' id='word_1_134' title='bbox 794 1440 895 1503; x_wconf 71' lang='lat' dir='ltr'>genium</span> <span class='ocrx_word' id='word_1_135' title='bbox 909 1438 1008 1488; x_wconf 88' lang='lat' dir='ltr'>iudicat</span> <span class='ocrx_word' id='word_1_136' title='bbox 1029 1439 1067 1487; x_wconf 84' lang='lat' dir='ltr'>vel</span> <span class='ocrx_word' id='word_1_137' title='bbox 1088 1438 1180 1497; x_wconf 87' lang='lat' dir='ltr'>solum,</span> <span class='ocrx_word' id='word_1_138' title='bbox 1193 1451 1227 1486; x_wconf 92' lang='lat' dir='ltr'>ea</span> <span class='ocrx_word' id='word_1_139' title='bbox 1241 1443 1321 1486; x_wconf 84' lang='lat' dir='ltr'>ertate</span> 
     </span>
     <span class='ocr_line' id='line_1_16' title="bbox 231 1512 1319 1575; baseline -0.006 -9"><span class='ocrx_word' id='word_1_140' title='bbox 231 1524 258 1566; x_wconf 87' lang='lat' dir='ltr'>et</span> <span class='ocrx_word' id='word_1_141' title='bbox 278 1515 433 1566; x_wconf 71' lang='lat' dir='ltr'>duriuscule</span> <span class='ocrx_word' id='word_1_142' title='bbox 456 1514 535 1564; x_wconf 77' lang='lat' dir='ltr'>ueluti</span> <span class='ocrx_word' id='word_1_143' title='bbox 562 1514 672 1563; x_wconf 82' lang='lat' dir='ltr'>verbera</span> <span class='ocrx_word' id='word_1_144' title='bbox 697 1528 758 1563; x_wconf 90' lang='lat' dir='ltr'>con·</span> <span class='ocrx_word' id='word_1_145' title='bbox 794 1522 846 1562; x_wconf 83' lang='lat' dir='ltr'>tem</span> <span class='ocrx_word' id='word_1_146' title='bbox 857 1514 981 1574; x_wconf 80' lang='lat' dir='ltr'>suaviter,</span> <span class='ocrx_word' id='word_1_147' title='bbox 992 1519 1043 1560; x_wconf 90' lang='lat' dir='ltr'>tam</span> <span class='ocrx_word' id='word_1_148' title='bbox 1051 1512 1103 1575; x_wconf 84' lang='lat' dir='ltr'>pie,</span> <span class='ocrx_word' id='word_1_149' title='bbox 1110 1518 1206 1561; x_wconf 72' lang='lat' dir='ltr'>temer</span> <span class='ocrx_word' id='word_1_150' title='bbox 1217 1512 1319 1574; x_wconf 86' lang='lat' dir='ltr'>reipsa,</span> 
     </span>
     <span class='ocr_line' id='line_1_17' title="bbox 232 1586 1320 1652; baseline -0.003 -13"><span class='ocrx_word' id='word_1_151' title='bbox 232 1598 305 1641; x_wconf 81' lang='lat' dir='ltr'>tectu</span> <span class='ocrx_word' id='word_1_152' title='bbox 324 1598 454 1650; x_wconf 77' lang='lat' dir='ltr'>reperent.</span> <span class='ocrx_word' id='word_1_153' title='bbox 484 1588 598 1638; x_wconf 74' lang='lat' dir='ltr'>Terentii</span> <span class='ocrx_word' id='word_1_154' title='bbox 618 1602 650 1637; x_wconf 85' lang='lat' dir='ltr'>err</span> <span class='ocrx_word' id='word_1_155' title='bbox 672 1588 757 1636; x_wconf 80' lang='lat' dir='ltr'>Eunu.</span> <span class='ocrx_word' id='word_1_156' title='bbox 794 1597 845 1638; x_wconf 83' lang='lat' dir='ltr'>tem</span> <span class='ocrx_word' id='word_1_157' title='bbox 857 1588 967 1652; x_wconf 87' lang='lat' dir='ltr'>denique</span> <span class='ocrx_word' id='word_1_158' title='bbox 978 1586 1055 1637; x_wconf 91' lang='lat' dir='ltr'>docte</span> <span class='ocrx_word' id='word_1_159' title='bbox 1063 1588 1233 1651; x_wconf 70' lang='lat' dir='ltr'>scriptnuuut</span> <span class='ocrx_word' id='word_1_160' title='bbox 1242 1589 1320 1650; x_wconf 70' lang='lat' dir='ltr'>louge</span> 
     </span>
     <span class='ocr_line' id='line_1_18' title="bbox 232 1663 1318 1716; baseline -0.005 0"><span class='ocrx_word' id='word_1_161' title='bbox 232 1669 281 1716; x_wconf 83' lang='lat' dir='ltr'>ciro</span> <span class='ocrx_word' id='word_1_162' title='bbox 298 1665 386 1715; x_wconf 83' lang='lat' dir='ltr'>fabula</span> <span class='ocrx_word' id='word_1_163' title='bbox 402 1664 481 1714; x_wconf 82' lang='lat' dir='ltr'>verbe</span> <span class='ocrx_word' id='word_1_164' title='bbox 495 1664 551 1714; x_wconf 78' lang='lat' dir='ltr'>lsaec</span> <span class='ocrx_word' id='word_1_165' title='bbox 567 1671 644 1714; x_wconf 79' lang='lat' dir='ltr'>suutt</span> <span class='ocrx_word' id='word_1_166' title='bbox 663 1663 757 1714; x_wconf 83' lang='lat' dir='ltr'>‘Haud</span> <span class='ocrx_word' id='word_1_167' title='bbox 792 1665 883 1713; x_wconf 85' lang='lat' dir='ltr'>abesse</span> <span class='ocrx_word' id='word_1_168' title='bbox 894 1677 983 1713; x_wconf 86' lang='lat' dir='ltr'>omues</span> <span class='ocrx_word' id='word_1_169' title='bbox 1001 1664 1067 1712; x_wconf 86' lang='lat' dir='ltr'>iilius</span> <span class='ocrx_word' id='word_1_170' title='bbox 1085 1663 1134 1711; x_wconf 79' lang='lat' dir='ltr'>sesi</span> <span class='ocrx_word' id='word_1_171' title='bbox 1156 1671 1229 1712; x_wconf 78' lang='lat' dir='ltr'>setes</span> <span class='ocrx_word' id='word_1_172' title='bbox 1240 1677 1256 1711; x_wconf 84' lang='grc' dir='ltr'>ι</span> <span class='ocrx_word' id='word_1_173' title='bbox 1267 1670 1318 1711; x_wconf 83' lang='lat' dir='ltr'>tam</span> 
     </span>
     <span class='ocr_line' id='line_1_19' title="bbox 232 1737 1319 1803; baseline -0.003 -14"><span class='ocrx_word' id='word_1_174' title='bbox 232 1740 758 1803; x_wconf 71' lang='lat' dir='ltr'>similisvirpoeuvirgmumnoueremus,</span> <span class='ocrx_word' id='word_1_175' title='bbox 794 1740 919 1789; x_wconf 74' lang='lat' dir='ltr'>ubsolutar</span> <span class='ocrx_word' id='word_1_176' title='bbox 942 1738 1083 1789; x_wconf 79' lang='lat' dir='ltr'>diuinitatis</span> <span class='ocrx_word' id='word_1_177' title='bbox 1098 1737 1211 1787; x_wconf 83' lang='lat' dir='ltr'>numeria</span> <span class='ocrx_word' id='word_1_178' title='bbox 1230 1737 1319 1788; x_wconf 79' lang='lat' dir='ltr'>existi·</span> 
     </span>
     <span class='ocr_line' id='line_1_20' title="bbox 231 1813 1319 1881; baseline -0.005 -15"><span class='ocrx_word' id='word_1_179' title='bbox 231 1831 296 1881; x_wconf 85' lang='lat' dir='ltr'>quse</span> <span class='ocrx_word' id='word_1_180' title='bbox 308 1825 403 1866; x_wconf 87' lang='lat' dir='ltr'>matres</span> <span class='ocrx_word' id='word_1_181' title='bbox 416 1815 522 1867; x_wconf 87' lang='lat' dir='ltr'>student</span> <span class='ocrx_word' id='word_1_182' title='bbox 541 1816 659 1866; x_wconf 74' lang='lat' dir='ltr'>demissis</span> <span class='ocrx_word' id='word_1_183' title='bbox 669 1816 758 1864; x_wconf 84' lang='lat' dir='ltr'>bume-</span> <span class='ocrx_word' id='word_1_184' title='bbox 794 1828 871 1877; x_wconf 81' lang='lat' dir='ltr'>mem,</span> <span class='ocrx_word' id='word_1_185' title='bbox 889 1815 940 1864; x_wconf 90' lang='lat' dir='ltr'>siut</span> <span class='ocrx_word' id='word_1_186' title='bbox 951 1814 1013 1863; x_wconf 90' lang='lat' dir='ltr'>licet</span> <span class='ocrx_word' id='word_1_187' title='bbox 1028 1821 1055 1862; x_wconf 90' lang='lat' dir='ltr'>et</span> <span class='ocrx_word' id='word_1_188' title='bbox 1065 1813 1128 1875; x_wconf 89' lang='lat' dir='ltr'>illic,</span> <span class='ocrx_word' id='word_1_189' title='bbox 1145 1826 1202 1877; x_wconf 76' lang='lat' dir='ltr'>qne</span> <span class='ocrx_word' id='word_1_190' title='bbox 1222 1819 1319 1874; x_wconf 80' lang='lat' dir='ltr'>tempu·</span> 
     </span>
     <span class='ocr_line' id='line_1_21' title="bbox 231 1888 1320 1956; baseline 0 -16"><span class='ocrx_word' id='word_1_191' title='bbox 231 1892 267 1941; x_wconf 88' lang='lat' dir='ltr'>ris</span> <span class='ocrx_word' id='word_1_192' title='bbox 283 1906 350 1953; x_wconf 84' lang='lat' dir='ltr'>esse,</span> <span class='ocrx_word' id='word_1_193' title='bbox 365 1892 453 1942; x_wconf 83' lang='lat' dir='ltr'>vincto</span> <span class='ocrx_word' id='word_1_194' title='bbox 473 1899 586 1956; x_wconf 87' lang='lat' dir='ltr'>pectore,</span> <span class='ocrx_word' id='word_1_195' title='bbox 604 1898 634 1941; x_wconf 92' lang='lat' dir='ltr'>nt</span> <span class='ocrx_word' id='word_1_196' title='bbox 650 1891 758 1954; x_wconf 77' lang='lat' dir='ltr'>preciles</span> <span class='ocrx_word' id='word_1_197' title='bbox 794 1892 828 1941; x_wconf 90' lang='lat' dir='ltr'>ris</span> <span class='ocrx_word' id='word_1_198' title='bbox 848 1903 934 1938; x_wconf 81' lang='lat' dir='ltr'>nevos</span> <span class='ocrx_word' id='word_1_199' title='bbox 947 1888 1089 1949; x_wconf 85' lang='lat' dir='ltr'>redoleant,</span> <span class='ocrx_word' id='word_1_200' title='bbox 1098 1902 1163 1953; x_wconf 85' lang='lat' dir='ltr'>quos</span> <span class='ocrx_word' id='word_1_201' title='bbox 1174 1901 1237 1938; x_wconf 88' lang='lat' dir='ltr'>saue</span> <span class='ocrx_word' id='word_1_202' title='bbox 1244 1901 1320 1941; x_wconf 76' lang='lat' dir='ltr'>uerno</span> 
     </span>
     <span class='ocr_line' id='line_1_22' title="bbox 232 1963 1181 2031; baseline -0.005 -15"><span class='ocrx_word' id='word_1_203' title='bbox 232 1967 292 2017; x_wconf 91' lang='lat' dir='ltr'>siut.</span> <span class='ocrx_word' id='word_1_204' title='bbox 324 1967 404 2031; x_wconf 83' lang='lat' dir='ltr'>Siqua</span> <span class='ocrx_word' id='word_1_205' title='bbox 420 1975 460 2016; x_wconf 85' lang='lat' dir='ltr'>est</span> <span class='ocrx_word' id='word_1_206' title='bbox 478 1967 587 2017; x_wconf 80' lang='lat' dir='ltr'>habilior</span> <span class='ocrx_word' id='word_1_207' title='bbox 604 1969 691 2030; x_wconf 83' lang='lat' dir='ltr'>punio,</span> <span class='ocrx_word' id='word_1_208' title='bbox 711 1981 758 2030; x_wconf 88' lang='lat' dir='ltr'>pu·</span> <span class='ocrx_word' id='word_1_209' title='bbox 794 1979 842 2030; x_wconf 87' lang='lat' dir='ltr'>per</span> <span class='ocrx_word' id='word_1_210' title='bbox 853 1963 1037 2014; x_wconf 83' lang='lat' dir='ltr'>omuiaereeit.</span> <span class='ocrx_word' id='word_1_211' title='bbox 1057 1963 1181 2013; x_wconf 72' lang='grc' dir='ltr'>Βιιιιιίιιι.</span> 
     </span>
    </p>

    <p class='ocr_par' dir='ltr' id='par_1_5' title="bbox 231 2039 1321 2631">
     <span class='ocr_line' id='line_1_23' title="bbox 233 2039 1319 2105; baseline -0.001 -15"><span class='ocrx_word' id='word_1_212' title='bbox 233 2042 310 2104; x_wconf 59' lang='lat' dir='ltr'>‘ilem</span> <span class='ocrx_word' id='word_1_213' title='bbox 322 2057 378 2091; x_wconf 89' lang='lat' dir='ltr'>esse</span> <span class='ocrx_word' id='word_1_214' title='bbox 390 2043 472 2090; x_wconf 87' lang='lat' dir='ltr'>aiunt.</span> <span class='ocrx_word' id='word_1_215' title='bbox 504 2041 649 2091; x_wconf 87' lang='lat' dir='ltr'>Deducunt</span> <span class='ocrx_word' id='word_1_216' title='bbox 664 2043 759 2102; x_wconf 84' lang='lat' dir='ltr'>cibum,</span> <span class='ocrx_word' id='word_1_217' title='bbox 825 2046 840 2091; x_wconf 81' lang='lat' dir='ltr'>d</span> <span class='ocrx_word' id='word_1_218' title='bbox 857 2043 904 2092; x_wconf 79' lang='lat' dir='ltr'>Sed</span> <span class='ocrx_word' id='word_1_219' title='bbox 914 2041 1013 2105; x_wconf 73' lang='lat' dir='ltr'>requies,</span> <span class='ocrx_word' id='word_1_220' title='bbox 1023 2041 1142 2104; x_wconf 75' lang='lat' dir='ltr'>uudtqse</span> <span class='ocrx_word' id='word_1_221' title='bbox 1151 2039 1225 2103; x_wconf 67' lang='lat' dir='ltr'>meet]</span> <span class='ocrx_word' id='word_1_222' title='bbox 1234 2040 1319 2103; x_wconf 66' lang='lat' dir='ltr'>Lepet</span> 
     </span>
     <span class='ocr_line' id='line_1_24' title="bbox 233 2114 1320 2180; baseline -0.004 -13"><span class='ocrx_word' id='word_1_223' title='bbox 233 2119 337 2167; x_wconf 86' lang='lat' dir='ltr'>tametsi</span> <span class='ocrx_word' id='word_1_224' title='bbox 348 2119 415 2167; x_wconf 86' lang='lat' dir='ltr'>bonu</span> <span class='ocrx_word' id='word_1_225' title='bbox 425 2126 466 2168; x_wconf 87' lang='lat' dir='ltr'>est</span> <span class='ocrx_word' id='word_1_226' title='bbox 479 2125 582 2180; x_wconf 87' lang='lat' dir='ltr'>natura,</span> <span class='ocrx_word' id='word_1_227' title='bbox 592 2118 704 2169; x_wconf 91' lang='lat' dir='ltr'>reddunt</span> <span class='ocrx_word' id='word_1_228' title='bbox 714 2133 758 2168; x_wconf 83' lang='lat' dir='ltr'>cu·</span> <span class='ocrx_word' id='word_1_229' title='bbox 794 2117 929 2180; x_wconf 68' lang='lat' dir='ltr'>&amp;decusis</span> <span class='ocrx_word' id='word_1_230' title='bbox 944 2117 1062 2178; x_wconf 76' lang='lat' dir='ltr'>studiique</span> <span class='ocrx_word' id='word_1_231' title='bbox 1071 2114 1141 2165; x_wconf 72' lang='lat' dir='ltr'>nica.</span> <span class='ocrx_word' id='word_1_232' title='bbox 1174 2115 1320 2178; x_wconf 62' lang='lat' dir='ltr'>disputem·</span> 
     </span>
     <span class='ocr_line' id='line_1_25' title="bbox 233 2191 1319 2259; baseline -0.002 -17"><span class='ocrx_word' id='word_1_233' title='bbox 233 2201 322 2242; x_wconf 87' lang='lat' dir='ltr'>satura</span> <span class='ocrx_word' id='word_1_234' title='bbox 344 2192 471 2255; x_wconf 68' lang='lat' dir='ltr'>junceus!</span> <span class='ocrx_word' id='word_1_235' title='bbox 504 2192 571 2242; x_wconf 86' lang='lat' dir='ltr'>Illud</span> <span class='ocrx_word' id='word_1_236' title='bbox 593 2193 757 2243; x_wconf 76' lang='lat' dir='ltr'>menifestum</span> <span class='ocrx_word' id='word_1_237' title='bbox 794 2196 923 2259; x_wconf 88' lang='lat' dir='ltr'>tiquepro</span> <span class='ocrx_word' id='word_1_238' title='bbox 937 2193 1034 2255; x_wconf 76' lang='lat' dir='ltr'>sepsisi.</span> <span class='ocrx_word' id='word_1_239' title='bbox 1064 2192 1108 2241; x_wconf 79' lang='lat' dir='ltr'>Sic</span> <span class='ocrx_word' id='word_1_240' title='bbox 1123 2192 1163 2241; x_wconf 83' lang='lat' dir='ltr'>die</span> <span class='ocrx_word' id='word_1_241' title='bbox 1177 2200 1205 2241; x_wconf 90' lang='lat' dir='ltr'>et</span> <span class='ocrx_word' id='word_1_242' title='bbox 1223 2191 1259 2241; x_wconf 86' lang='lat' dir='ltr'>dii</span> <span class='ocrx_word' id='word_1_243' title='bbox 1272 2205 1319 2240; x_wconf 75' lang='lat' dir='ltr'>sn·</span> 
     </span>
     <span class='ocr_line' id='line_1_26' title="bbox 232 2266 1319 2337; baseline 0.006 -20"><span class='ocrx_word' id='word_1_244' title='bbox 232 2267 293 2327; x_wconf 75' lang='lat' dir='ltr'>(uisi</span> <span class='ocrx_word' id='word_1_245' title='bbox 309 2269 435 2317; x_wconf 82' lang='lat' dir='ltr'>maculeta</span> <span class='ocrx_word' id='word_1_246' title='bbox 446 2266 543 2317; x_wconf 74' lang='lat' dir='ltr'>ineunt</span> <span class='ocrx_word' id='word_1_247' title='bbox 553 2267 697 2330; x_wconf 86' lang='lat' dir='ltr'>superium)</span> <span class='ocrx_word' id='word_1_248' title='bbox 706 2283 757 2317; x_wconf 92' lang='lat' dir='ltr'>nou</span> <span class='ocrx_word' id='word_1_249' title='bbox 794 2271 897 2335; x_wconf 83' lang='lat' dir='ltr'>pissime</span> <span class='ocrx_word' id='word_1_250' title='bbox 918 2269 986 2334; x_wconf 91' lang='lat' dir='ltr'>apud</span> <span class='ocrx_word' id='word_1_251' title='bbox 1009 2270 1141 2321; x_wconf 85' lang='lat' dir='ltr'>Nostrum.</span> <span class='ocrx_word' id='word_1_252' title='bbox 1173 2270 1319 2337; x_wconf 75' lang='lat' dir='ltr'>videque</span> 
     </span>
     <span class='ocr_line' id='line_1_27' title="bbox 231 2339 1321 2409; baseline 0.002 -17"><span class='ocrx_word' id='word_1_253' title='bbox 231 2344 354 2393; x_wconf 74' lang='grc' dir='ltr'>ιιιιιιιιιιιι</span> <span class='ocrx_word' id='word_1_254' title='bbox 371 2346 398 2391; x_wconf 86' lang='grc' dir='ltr'>ιιι</span> <span class='ocrx_word' id='word_1_255' title='bbox 413 2347 481 2399; x_wconf 83' lang='lat' dir='ltr'>esset,</span> <span class='ocrx_word' id='word_1_256' title='bbox 499 2339 545 2390; x_wconf 85' lang='lat' dir='ltr'>sed</span> <span class='ocrx_word' id='word_1_257' title='bbox 562 2346 589 2391; x_wconf 86' lang='grc' dir='ltr'>ιιι</span> <span class='ocrx_word' id='word_1_258' title='bbox 609 2349 684 2391; x_wconf 78' lang='lat' dir='ltr'>estest</span> <span class='ocrx_word' id='word_1_259' title='bbox 707 2343 758 2405; x_wconf 74' lang='lat' dir='ltr'>legi</span> <span class='ocrx_word' id='word_1_260' title='bbox 794 2345 827 2395; x_wconf 88' lang='lat' dir='ltr'>de</span> <span class='ocrx_word' id='word_1_261' title='bbox 839 2360 870 2396; x_wconf 90' lang='lat' dir='ltr'>eo</span> <span class='ocrx_word' id='word_1_262' title='bbox 887 2345 1000 2409; x_wconf 72' lang='lat' dir='ltr'>genitivo</span> <span class='ocrx_word' id='word_1_263' title='bbox 1011 2344 1045 2395; x_wconf 85' lang='grc' dir='ltr'>Α.</span> <span class='ocrx_word' id='word_1_264' title='bbox 1056 2344 1161 2405; x_wconf 81' lang='lat' dir='ltr'>Gellius,</span> <span class='ocrx_word' id='word_1_265' title='bbox 1172 2345 1276 2395; x_wconf 84' lang='lat' dir='ltr'>ilersius</span> <span class='ocrx_word' id='word_1_266' title='bbox 1287 2345 1321 2394; x_wconf 87' lang='lat' dir='ltr'>ad</span> 
     </span>
     <span class='ocr_line' id='line_1_28' title="bbox 233 2415 1319 2483; baseline 0.004 -18"><span class='ocrx_word' id='word_1_267' title='bbox 233 2423 362 2480; x_wconf 85' lang='lat' dir='ltr'>oportere.</span> <span class='ocrx_word' id='word_1_268' title='bbox 396 2415 758 2479; x_wconf 60' lang='lat' dir='ltr'>EtAdjndicutlosemictum</span> <span class='ocrx_word' id='word_1_269' title='bbox 794 2419 939 2483; x_wconf 72' lang='lat' dir='ltr'>Virgilium,</span> <span class='ocrx_word' id='word_1_270' title='bbox 965 2426 993 2468; x_wconf 89' lang='lat' dir='ltr'>et</span> <span class='ocrx_word' id='word_1_271' title='bbox 1023 2419 1193 2468; x_wconf 75' lang='lat' dir='ltr'>Grammatici</span> <span class='ocrx_word' id='word_1_272' title='bbox 1220 2421 1319 2483; x_wconf 70' lang='lat' dir='ltr'>ceteri,</span> 
     </span>
     <span class='ocr_line' id='line_1_29' title="bbox 233 2489 1320 2560; baseline 0.005 -20"><span class='ocrx_word' id='word_1_273' title='bbox 233 2489 327 2540; x_wconf 88' lang='lat' dir='ltr'>cultius</span> <span class='ocrx_word' id='word_1_274' title='bbox 348 2506 379 2540; x_wconf 88' lang='lat' dir='ltr'>ac</span> <span class='ocrx_word' id='word_1_275' title='bbox 398 2489 677 2556; x_wconf 75' lang='lat' dir='ltr'>significantius‚quam</span> <span class='ocrx_word' id='word_1_276' title='bbox 691 2493 758 2553; x_wconf 68' lang='lat' dir='ltr'>indi·</span> <span class='ocrx_word' id='word_1_277' title='bbox 795 2509 901 2560; x_wconf 87' lang='lat' dir='ltr'>quorum</span> <span class='ocrx_word' id='word_1_278' title='bbox 923 2494 1014 2558; x_wconf 84' lang='lat' dir='ltr'>uliquis</span> <span class='ocrx_word' id='word_1_279' title='bbox 1041 2494 1171 2543; x_wconf 69' lang='lat' dir='ltr'>cesarem</span> <span class='ocrx_word' id='word_1_280' title='bbox 1197 2495 1223 2543; x_wconf 88' lang='lat' dir='ltr'>in</span> <span class='ocrx_word' id='word_1_281' title='bbox 1245 2495 1320 2545; x_wconf 76' lang='lat' dir='ltr'>Com·</span> 
     </span>
     <span class='ocr_line' id='line_1_30' title="bbox 231 2566 1321 2631; baseline 0.001 -15"><span class='ocrx_word' id='word_1_282' title='bbox 231 2566 533 2628; x_wconf 82' lang='lat' dir='ltr'>sstiosessvideriposse.</span> <span class='ocrx_word' id='word_1_283' title='bbox 566 2567 700 2616; x_wconf 63' lang='lat' dir='ltr'>decursim.</span> <span class='ocrx_word' id='word_1_284' title='bbox 794 2569 1068 2631; x_wconf 72' lang='lat' dir='ltr'>meutariisgenitirus</span> <span class='ocrx_word' id='word_1_285' title='bbox 1082 2569 1179 2631; x_wconf 71' lang='lat' dir='ltr'>quint·</span> <span class='ocrx_word' id='word_1_286' title='bbox 1196 2568 1321 2619; x_wconf 89' lang='lat' dir='ltr'>declinat.</span> 
     </span>
    </p>

    <p class='ocr_par' dir='ltr' id='par_1_6' title="bbox 263 2639 1320 2708">
     <span class='ocr_line' id='line_1_31' title="bbox 263 2639 1320 2708; baseline 0.004 -18"><span class='ocrx_word' id='word_1_287' title='bbox 263 2640 306 2691; x_wconf 82' lang='lat' dir='ltr'>nis</span> <span class='ocrx_word' id='word_1_288' title='bbox 331 2643 412 2691; x_wconf 66' lang='lat' dir='ltr'>satus</span> <span class='ocrx_word' id='word_1_289' title='bbox 438 2641 461 2690; x_wconf 86' lang='lat' dir='ltr'>si</span> <span class='ocrx_word' id='word_1_290' title='bbox 485 2639 603 2704; x_wconf 68' lang='lat' dir='ltr'>pipums]</span> <span class='ocrx_word' id='word_1_291' title='bbox 625 2642 759 2705; x_wconf 76' lang='lat' dir='ltr'>Integrmn</span> <span class='ocrx_word' id='word_1_292' title='bbox 795 2659 898 2708; x_wconf 89' lang='lat' dir='ltr'>semper</span> <span class='ocrx_word' id='word_1_293' title='bbox 915 2644 940 2694; x_wconf 94' lang='lat' dir='ltr'>iu</span> <span class='ocrx_word' id='word_1_294' title='bbox 961 2643 1114 2694; x_wconf 80' lang='lat' dir='ltr'>eertniisee</span> <span class='ocrx_word' id='word_1_295' title='bbox 1125 2649 1241 2693; x_wconf 85' lang='lat' dir='ltr'>testetur.</span> <span class='ocrx_word' id='word_1_296' title='bbox 1275 2645 1320 2694; x_wconf 76' lang='lat' dir='ltr'>Sin</span> 
     </span>
    </p>

    <p class='ocr_par' dir='ltr' id='par_1_7' title="bbox 231 2715 1322 4136">
     <span class='ocr_line' id='line_1_32' title="bbox 231 2715 1320 2780; baseline 0.006 -16"><span class='ocrx_word' id='word_1_297' title='bbox 231 2716 333 2779; x_wconf 75' lang='lat' dir='ltr'>quidem</span> <span class='ocrx_word' id='word_1_298' title='bbox 342 2715 367 2763; x_wconf 90' lang='lat' dir='ltr'>id</span> <span class='ocrx_word' id='word_1_299' title='bbox 379 2717 578 2780; x_wconf 82' lang='lat' dir='ltr'>iuviolntumque</span> <span class='ocrx_word' id='word_1_300' title='bbox 590 2719 615 2765; x_wconf 89' lang='lat' dir='ltr'>in</span> <span class='ocrx_word' id='word_1_301' title='bbox 626 2716 759 2767; x_wconf 80' lang='lat' dir='ltr'>codicibus</span> <span class='ocrx_word' id='word_1_302' title='bbox 795 2723 859 2770; x_wconf 87' lang='lat' dir='ltr'>etin</span> <span class='ocrx_word' id='word_1_303' title='bbox 872 2727 974 2769; x_wconf 75' lang='lat' dir='ltr'>vetusto</span> <span class='ocrx_word' id='word_1_304' title='bbox 991 2717 1082 2768; x_wconf 89' lang='lat' dir='ltr'>codice</span> <span class='ocrx_word' id='word_1_305' title='bbox 1097 2719 1188 2769; x_wconf 83' lang='lat' dir='ltr'>Sereni</span> <span class='ocrx_word' id='word_1_306' title='bbox 1206 2719 1320 2770; x_wconf 81' lang='lat' dir='ltr'>Sammo·</span> 
     </span>
     <span class='ocr_line' id='line_1_33' title="bbox 232 2791 1321 2863; baseline 0.006 -24"><span class='ocrx_word' id='word_1_307' title='bbox 232 2791 405 2852; x_wconf 79' lang='lat' dir='ltr'>impressionis</span> <span class='ocrx_word' id='word_1_308' title='bbox 416 2791 515 2854; x_wconf 75' lang='lat' dir='ltr'>prime.</span> <span class='ocrx_word' id='word_1_309' title='bbox 549 2793 707 2863; x_wconf 71' lang='lat' dir='ltr'>Factumque</span> <span class='ocrx_word' id='word_1_310' title='bbox 718 2801 760 2843; x_wconf 87' lang='lat' dir='ltr'>ert</span> <span class='ocrx_word' id='word_1_311' title='bbox 795 2797 855 2856; x_wconf 89' lang='lat' dir='ltr'>uici,</span> <span class='ocrx_word' id='word_1_312' title='bbox 878 2794 1038 2857; x_wconf 67' lang='lat' dir='ltr'>‘Prurigtnu</span> <span class='ocrx_word' id='word_1_313' title='bbox 1054 2794 1165 2857; x_wconf 86' lang='lat' dir='ltr'>papulis,</span> <span class='ocrx_word' id='word_1_314' title='bbox 1182 2808 1213 2843; x_wconf 91' lang='lat' dir='ltr'>ac</span> <span class='ocrx_word' id='word_1_315' title='bbox 1231 2796 1321 2845; x_wconf 90' lang='lat' dir='ltr'>scabie</span> 
     </span>
     <span class='ocr_line' id='line_1_34' title="bbox 232 2865 1321 2934; baseline 0.006 -20"><span class='ocrx_word' id='word_1_316' title='bbox 232 2865 274 2930; x_wconf 91' lang='lat' dir='ltr'>(ut</span> <span class='ocrx_word' id='word_1_317' title='bbox 293 2865 468 2928; x_wconf 70' lang='lat' dir='ltr'>Diogeuieuus</span> <span class='ocrx_word' id='word_1_318' title='bbox 484 2867 583 2930; x_wconf 75' lang='lat' dir='ltr'>sit)irl</span> <span class='ocrx_word' id='word_1_319' title='bbox 600 2870 760 2920; x_wconf 73' lang='grc' dir='ltr'>τῶνὰπδτοῧ</span> <span class='ocrx_word' id='word_1_320' title='bbox 796 2869 928 2920; x_wconf 70' lang='lat' dir='ltr'>arcendis!</span> <span class='ocrx_word' id='word_1_321' title='bbox 970 2869 1084 2932; x_wconf 75' lang='lat' dir='ltr'>vulperi,</span> <span class='ocrx_word' id='word_1_322' title='bbox 1102 2869 1189 2919; x_wconf 70' lang='lat' dir='ltr'>mbiei</span> <span class='ocrx_word' id='word_1_323' title='bbox 1212 2871 1321 2934; x_wconf 77' lang='lat' dir='ltr'>babent,</span> 
     </span>
     <span class='ocr_line' id='line_1_35' title="bbox 231 2938 1320 3011; baseline 0.005 -20"><span class='ocrx_word' id='word_1_324' title='bbox 231 2938 307 3004; x_wconf 70' lang='lat' dir='ltr'>rim</span> <span class='ocrx_word' id='word_1_325' title='bbox 324 2941 479 3007; x_wconf 71' lang='grc' dir='ltr'>ιιιιιθιστίριιν</span> <span class='ocrx_word' id='word_1_326' title='bbox 497 2943 633 2993; x_wconf 62' lang='grc' dir='ltr'>δοκοίην.</span> <span class='ocrx_word' id='word_1_327' title='bbox 665 2945 697 2995; x_wconf 92' lang='lat' dir='ltr'>Id</span> <span class='ocrx_word' id='word_1_328' title='bbox 718 2961 760 2994; x_wconf 83' lang='lat' dir='ltr'>nu·</span> <span class='ocrx_word' id='word_1_329' title='bbox 796 2947 846 2996; x_wconf 92' lang='lat' dir='ltr'>imo</span> <span class='ocrx_word' id='word_1_330' title='bbox 869 2954 896 2994; x_wconf 91' lang='lat' dir='ltr'>et</span> <span class='ocrx_word' id='word_1_331' title='bbox 916 2944 985 3008; x_wconf 90' lang='lat' dir='ltr'>apud</span> <span class='ocrx_word' id='word_1_332' title='bbox 1007 2944 1116 2994; x_wconf 90' lang='lat' dir='ltr'>eundem</span> <span class='ocrx_word' id='word_1_333' title='bbox 1136 2943 1194 2994; x_wconf 79' lang='lat' dir='ltr'>fere</span> <span class='ocrx_word' id='word_1_334' title='bbox 1215 2946 1320 3011; x_wconf 82' lang='lat' dir='ltr'>ubique.</span> 
     </span>
     <span class='ocr_line' id='line_1_36' title="bbox 233 3019 1322 3086; baseline 0.006 -23"><span class='ocrx_word' id='word_1_335' title='bbox 233 3020 287 3065; x_wconf 89' lang='lat' dir='ltr'>tem</span> <span class='ocrx_word' id='word_1_336' title='bbox 307 3019 374 3080; x_wconf 87' lang='lat' dir='ltr'>quod</span> <span class='ocrx_word' id='word_1_337' title='bbox 393 3019 478 3068; x_wconf 78' lang='lat' dir='ltr'>Latini</span> <span class='ocrx_word' id='word_1_338' title='bbox 498 3019 606 3069; x_wconf 85' lang='lat' dir='ltr'>dicimus</span> <span class='ocrx_word' id='word_1_339' title='bbox 625 3034 760 3084; x_wconf 77' lang='lat' dir='ltr'>repuens·</span> <span class='ocrx_word' id='word_1_340' title='bbox 795 3024 871 3086; x_wconf 79' lang='lat' dir='ltr'>Sceps</span> <span class='ocrx_word' id='word_1_341' title='bbox 888 3019 1034 3070; x_wconf 87' lang='lat' dir='ltr'>autemboc</span> <span class='ocrx_word' id='word_1_342' title='bbox 1051 3019 1155 3082; x_wconf 88' lang='lat' dir='ltr'>accidit,</span> <span class='ocrx_word' id='word_1_343' title='bbox 1166 3029 1196 3070; x_wconf 93' lang='lat' dir='ltr'>ut</span> <span class='ocrx_word' id='word_1_344' title='bbox 1214 3035 1322 3086; x_wconf 83' lang='lat' dir='ltr'>sequen·</span> 
     </span>
     <span class='ocr_line' id='line_1_37' title="bbox 233 3094 1321 3160; baseline 0.008 -22"><span class='ocrx_word' id='word_1_345' title='bbox 233 3104 304 3149; x_wconf 87' lang='lat' dir='ltr'>cere,</span> <span class='ocrx_word' id='word_1_346' title='bbox 314 3106 365 3141; x_wconf 91' lang='lat' dir='ltr'>nou</span> <span class='ocrx_word' id='word_1_347' title='bbox 381 3100 434 3142; x_wconf 84' lang='lat' dir='ltr'>tem</span> <span class='ocrx_word' id='word_1_348' title='bbox 450 3094 492 3142; x_wconf 92' lang='lat' dir='ltr'>bic</span> <span class='ocrx_word' id='word_1_349' title='bbox 507 3095 535 3144; x_wconf 92' lang='lat' dir='ltr'>in</span> <span class='ocrx_word' id='word_1_350' title='bbox 552 3097 697 3145; x_wconf 87' lang='lat' dir='ltr'>universum</span> <span class='ocrx_word' id='word_1_351' title='bbox 716 3111 759 3146; x_wconf 83' lang='lat' dir='ltr'>ex·</span> <span class='ocrx_word' id='word_1_352' title='bbox 796 3099 830 3148; x_wconf 91' lang='lat' dir='ltr'>tis</span> <span class='ocrx_word' id='word_1_353' title='bbox 845 3097 968 3147; x_wconf 90' lang='lat' dir='ltr'>dictionis</span> <span class='ocrx_word' id='word_1_354' title='bbox 989 3097 1059 3160; x_wconf 89' lang='lat' dir='ltr'>prior</span> <span class='ocrx_word' id='word_1_355' title='bbox 1076 3095 1151 3145; x_wconf 87' lang='lat' dir='ltr'>litera</span> <span class='ocrx_word' id='word_1_356' title='bbox 1163 3097 1321 3159; x_wconf 67' lang='lat' dir='ltr'>precedenti</span> 
     </span>
     <span class='ocr_line' id='line_1_38' title="bbox 234 3164 1321 3235; baseline 0.009 -23"><span class='ocrx_word' id='word_1_357' title='bbox 234 3164 308 3227; x_wconf 88' lang='lat' dir='ltr'>prlsui</span> <span class='ocrx_word' id='word_1_358' title='bbox 318 3165 457 3227; x_wconf 89' lang='lat' dir='ltr'>putandum</span> <span class='ocrx_word' id='word_1_359' title='bbox 466 3177 515 3229; x_wconf 88' lang='lat' dir='ltr'>est,</span> <span class='ocrx_word' id='word_1_360' title='bbox 523 3183 597 3234; x_wconf 85' lang='lat' dir='ltr'>quem</span> <span class='ocrx_word' id='word_1_361' title='bbox 606 3172 668 3219; x_wconf 89' lang='lat' dir='ltr'>illud</span> <span class='ocrx_word' id='word_1_362' title='bbox 680 3172 759 3223; x_wconf 88' lang='lat' dir='ltr'>etiam</span> <span class='ocrx_word' id='word_1_363' title='bbox 797 3172 967 3222; x_wconf 78' lang='lat' dir='ltr'>ndlroerescet.</span> <span class='ocrx_word' id='word_1_364' title='bbox 998 3171 1041 3219; x_wconf 86' lang='lat' dir='ltr'>Sic</span> <span class='ocrx_word' id='word_1_365' title='bbox 1058 3169 1084 3218; x_wconf 90' lang='lat' dir='ltr'>ln</span> <span class='ocrx_word' id='word_1_366' title='bbox 1101 3170 1266 3235; x_wconf 75' lang='lat' dir='ltr'>Pnnegyrieu</span> <span class='ocrx_word' id='word_1_367' title='bbox 1277 3171 1321 3222; x_wconf 84' lang='lat' dir='ltr'>Pi·</span> 
     </span>
     <span class='ocr_line' id='line_1_39' title="bbox 234 3242 1321 3308; baseline 0.007 -19"><span class='ocrx_word' id='word_1_368' title='bbox 234 3242 443 3306; x_wconf 85' lang='lat' dir='ltr'>insinueri,quod</span> <span class='ocrx_word' id='word_1_369' title='bbox 463 3245 579 3308; x_wconf 88' lang='lat' dir='ltr'>plerique</span> <span class='ocrx_word' id='word_1_370' title='bbox 595 3247 706 3296; x_wconf 82' lang='lat' dir='ltr'>filiorum</span> <span class='ocrx_word' id='word_1_371' title='bbox 722 3250 759 3297; x_wconf 88' lang='lat' dir='ltr'>ui·</span> <span class='ocrx_word' id='word_1_372' title='bbox 795 3247 941 3298; x_wconf 89' lang='lat' dir='ltr'>seuidicto:</span> <span class='ocrx_word' id='word_1_373' title='bbox 958 3244 1143 3295; x_wconf 81' lang='lat' dir='ltr'>‘Rerndomns</span> <span class='ocrx_word' id='word_1_374' title='bbox 1155 3252 1257 3295; x_wconf 83' lang='lat' dir='ltr'>tenuem</span> <span class='ocrx_word' id='word_1_375' title='bbox 1270 3260 1321 3296; x_wconf 83' lang='lat' dir='ltr'>nott</span> 
     </span>
     <span class='ocr_line' id='line_1_40' title="bbox 233 3313 1321 3386; baseline 0.006 -22"><span class='ocrx_word' id='word_1_376' title='bbox 233 3316 285 3365; x_wconf 85' lang='lat' dir='ltr'>usin</span> <span class='ocrx_word' id='word_1_377' title='bbox 296 3313 401 3378; x_wconf 82' lang='lat' dir='ltr'>affectu,</span> <span class='ocrx_word' id='word_1_378' title='bbox 413 3318 453 3365; x_wconf 87' lang='lat' dir='ltr'>rel</span> <span class='ocrx_word' id='word_1_379' title='bbox 465 3327 588 3381; x_wconf 84' lang='lat' dir='ltr'>nepotum</span> <span class='ocrx_word' id='word_1_380' title='bbox 605 3334 672 3369; x_wconf 85' lang='lat' dir='ltr'>nova</span> <span class='ocrx_word' id='word_1_381' title='bbox 689 3335 760 3386; x_wconf 87' lang='lat' dir='ltr'>curs,</span> <span class='ocrx_word' id='word_1_382' title='bbox 796 3330 956 3386; x_wconf 70' lang='lat' dir='ltr'>aspernatur·</span> <span class='ocrx_word' id='word_1_383' title='bbox 978 3320 1097 3380; x_wconf 74' lang='lat' dir='ltr'>amicum,</span> <span class='ocrx_word' id='word_1_384' title='bbox 1126 3320 1246 3384; x_wconf 78' lang='lat' dir='ltr'>Ruraque</span> <span class='ocrx_word' id='word_1_385' title='bbox 1269 3334 1321 3371; x_wconf 81' lang='lat' dir='ltr'>non</span> 
     </span>
     <span class='ocr_line' id='line_1_41' title="bbox 233 3389 1321 3458; baseline 0.006 -18"><span class='ocrx_word' id='word_1_386' title='bbox 233 3389 363 3440; x_wconf 80' lang='lat' dir='ltr'>eafacere</span> <span class='ocrx_word' id='word_1_387' title='bbox 375 3406 425 3440; x_wconf 90' lang='lat' dir='ltr'>uun</span> <span class='ocrx_word' id='word_1_388' title='bbox 437 3401 567 3453; x_wconf 79' lang='lat' dir='ltr'>verentur,</span> <span class='ocrx_word' id='word_1_389' title='bbox 577 3395 692 3458; x_wconf 76' lang='lat' dir='ltr'>quaesibi</span> <span class='ocrx_word' id='word_1_390' title='bbox 704 3396 759 3445; x_wconf 89' lang='lat' dir='ltr'>dui·</span> <span class='ocrx_word' id='word_1_391' title='bbox 795 3399 916 3448; x_wconf 84' lang='lat' dir='ltr'>immilem</span> <span class='ocrx_word' id='word_1_392' title='bbox 945 3397 1030 3446; x_wconf 89' lang='lat' dir='ltr'>caleat</span> <span class='ocrx_word' id='word_1_393' title='bbox 1062 3394 1160 3445; x_wconf 74' lang='lat' dir='ltr'>fretosa</span> <span class='ocrx_word' id='word_1_394' title='bbox 1180 3397 1321 3446; x_wconf 79' lang='lat' dir='ltr'>clientem:</span> 
     </span>
     <span class='ocr_line' id='line_1_42' title="bbox 233 3467 1322 3533; baseline 0.006 -17"><span class='ocrx_word' id='word_1_395' title='bbox 233 3468 276 3516; x_wconf 88' lang='lat' dir='ltr'>cla</span> <span class='ocrx_word' id='word_1_396' title='bbox 284 3467 375 3515; x_wconf 75' lang='lat' dir='ltr'>soleti·</span> <span class='ocrx_word' id='word_1_397' title='bbox 384 3467 445 3526; x_wconf 92' lang='lat' dir='ltr'>siut,</span> <span class='ocrx_word' id='word_1_398' title='bbox 454 3467 510 3516; x_wconf 85' lang='lat' dir='ltr'>aliis</span> <span class='ocrx_word' id='word_1_399' title='bbox 522 3482 581 3517; x_wconf 80' lang='lat' dir='ltr'>vero</span> <span class='ocrx_word' id='word_1_400' title='bbox 593 3468 625 3517; x_wconf 83' lang='lat' dir='ltr'>sd</span> <span class='ocrx_word' id='word_1_401' title='bbox 636 3470 759 3521; x_wconf 74' lang='lat' dir='ltr'>incenium</span> <span class='ocrx_word' id='word_1_402' title='bbox 796 3474 838 3522; x_wconf 87' lang='lat' dir='ltr'>lili</span> <span class='ocrx_word' id='word_1_403' title='bbox 855 3480 927 3521; x_wconf 86' lang='lat' dir='ltr'>casta</span> <span class='ocrx_word' id='word_1_404' title='bbox 937 3473 1000 3521; x_wconf 87' lang='lat' dir='ltr'>licet</span> <span class='ocrx_word' id='word_1_405' title='bbox 1018 3485 1100 3533; x_wconf 84' lang='lat' dir='ltr'>mene,</span> <span class='ocrx_word' id='word_1_406' title='bbox 1110 3480 1139 3521; x_wconf 92' lang='lat' dir='ltr'>et</span> <span class='ocrx_word' id='word_1_407' title='bbox 1149 3472 1204 3521; x_wconf 89' lang='lat' dir='ltr'>sine</span> <span class='ocrx_word' id='word_1_408' title='bbox 1214 3473 1322 3523; x_wconf 79' lang='lat' dir='ltr'>crimine</span> 
     </span>
     <span class='ocr_line' id='line_1_43' title="bbox 234 3540 1320 3611; baseline 0.008 -21"><span class='ocrx_word' id='word_1_409' title='bbox 234 3540 360 3591; x_wconf 87' lang='lat' dir='ltr'>accedere</span> <span class='ocrx_word' id='word_1_410' title='bbox 379 3540 523 3603; x_wconf 82' lang='lat' dir='ltr'>rideantur,</span> <span class='ocrx_word' id='word_1_411' title='bbox 546 3545 690 3610; x_wconf 86' lang='lat' dir='ltr'>probroque</span> <span class='ocrx_word' id='word_1_412' title='bbox 714 3561 758 3597; x_wconf 90' lang='lat' dir='ltr'>no·</span> <span class='ocrx_word' id='word_1_413' title='bbox 795 3555 897 3598; x_wconf 81' lang='lat' dir='ltr'>constet</span> <span class='ocrx_word' id='word_1_414' title='bbox 919 3547 988 3606; x_wconf 84' lang='lat' dir='ltr'>Vita,</span> <span class='ocrx_word' id='word_1_415' title='bbox 1017 3553 1102 3596; x_wconf 90' lang='lat' dir='ltr'>tamen</span> <span class='ocrx_word' id='word_1_416' title='bbox 1122 3548 1240 3611; x_wconf 82' lang='lat' dir='ltr'>probitas</span> <span class='ocrx_word' id='word_1_417' title='bbox 1262 3558 1320 3598; x_wconf 83' lang='lat' dir='ltr'>nutu</span> 
     </span>
     <span class='ocr_line' id='line_1_44' title="bbox 234 3616 1322 3688; baseline 0.007 -23"><span class='ocrx_word' id='word_1_418' title='bbox 234 3622 332 3666; x_wconf 89' lang='lat' dir='ltr'>tentur.</span> <span class='ocrx_word' id='word_1_419' title='bbox 375 3616 500 3667; x_wconf 81' lang='lat' dir='ltr'>Ostendit</span> <span class='ocrx_word' id='word_1_420' title='bbox 527 3627 612 3668; x_wconf 88' lang='lat' dir='ltr'>autem</span> <span class='ocrx_word' id='word_1_421' title='bbox 641 3621 689 3670; x_wconf 83' lang='lat' dir='ltr'>boc</span> <span class='ocrx_word' id='word_1_422' title='bbox 718 3622 758 3670; x_wconf 87' lang='lat' dir='ltr'>vel</span> <span class='ocrx_word' id='word_1_423' title='bbox 797 3629 953 3688; x_wconf 77' lang='lat' dir='ltr'>paupertate</span> <span class='ocrx_word' id='word_1_424' title='bbox 975 3621 1095 3686; x_wconf 68' lang='lat' dir='ltr'>jacebit!</span> <span class='ocrx_word' id='word_1_425' title='bbox 1139 3622 1182 3672; x_wconf 79' lang='lat' dir='ltr'>lte</span> <span class='ocrx_word' id='word_1_426' title='bbox 1210 3623 1322 3687; x_wconf 70' lang='lat' dir='ltr'>corripe,</span> 
     </span>
     <span class='ocr_line' id='line_1_45' title="bbox 232 3691 1319 3761; baseline 0.006 -20"><span class='ocrx_word' id='word_1_427' title='bbox 232 3691 408 3756; x_wconf 74' lang='lat' dir='ltr'>Symmachus,</span> <span class='ocrx_word' id='word_1_428' title='bbox 430 3692 474 3755; x_wconf 89' lang='lat' dir='ltr'>qul</span> <span class='ocrx_word' id='word_1_429' title='bbox 501 3693 547 3753; x_wconf 81' lang='lat' dir='ltr'>alt,</span> <span class='ocrx_word' id='word_1_430' title='bbox 569 3692 577 3721; x_wconf 88' lang='lat'>‘</span> <span class='ocrx_word' id='word_1_431' title='bbox 598 3694 665 3743; x_wconf 87' lang='lat' dir='ltr'>Dum</span> <span class='ocrx_word' id='word_1_432' title='bbox 692 3694 759 3745; x_wconf 80' lang='lat' dir='ltr'>tillus</span> <span class='ocrx_word' id='word_1_433' title='bbox 795 3713 854 3747; x_wconf 87' lang='lat' dir='ltr'>eum</span> <span class='ocrx_word' id='word_1_434' title='bbox 875 3697 1030 3761; x_wconf 68' lang='lat' dir='ltr'>inculpatis</span> <span class='ocrx_word' id='word_1_435' title='bbox 1049 3697 1160 3753; x_wconf 61' lang='lat' dir='ltr'>sinidio</span> <span class='ocrx_word' id='word_1_436' title='bbox 1175 3698 1319 3747; x_wconf 65' lang='lat' dir='ltr'>madeat.</span> 
     </span>
     <span class='ocr_line' id='line_1_46' title="bbox 232 3764 1319 3834; baseline 0.007 -19"><span class='ocrx_word' id='word_1_437' title='bbox 232 3779 305 3815; x_wconf 88' lang='lat' dir='ltr'>meus</span> <span class='ocrx_word' id='word_1_438' title='bbox 326 3764 426 3815; x_wconf 70' lang='lat' dir='ltr'>Grecis</span> <span class='ocrx_word' id='word_1_439' title='bbox 448 3766 544 3815; x_wconf 88' lang='lat' dir='ltr'>litteris</span> <span class='ocrx_word' id='word_1_440' title='bbox 565 3766 691 3830; x_wconf 78' lang='lat' dir='ltr'>initietur,</span> <span class='ocrx_word' id='word_1_441' title='bbox 710 3784 758 3832; x_wconf 77' lang='lat' dir='ltr'>ego</span> <span class='ocrx_word' id='word_1_442' title='bbox 796 3773 894 3821; x_wconf 82' lang='lat' dir='ltr'>Contra</span> <span class='ocrx_word' id='word_1_443' title='bbox 913 3771 981 3834; x_wconf 78' lang='lat' dir='ltr'>apud</span> <span class='ocrx_word' id='word_1_444' title='bbox 1001 3770 1092 3821; x_wconf 78' lang='lat' dir='ltr'>AEliuu.</span> <span class='ocrx_word' id='word_1_445' title='bbox 1108 3772 1153 3821; x_wconf 87' lang='lat' dir='ltr'>lib.</span> <span class='ocrx_word' id='word_1_446' title='bbox 1172 3785 1192 3821; x_wconf 88' lang='lat'>1.</span> <span class='ocrx_word' id='word_1_447' title='bbox 1210 3789 1273 3822; x_wconf 75' lang='lat' dir='ltr'>rese.</span> <span class='ocrx_word' id='word_1_448' title='bbox 1286 3786 1319 3824; x_wconf 79' lang='grc' dir='ltr'>ιι.</span> 
     </span>
     <span class='ocr_line' id='line_1_47' title="bbox 232 3842 1319 3912; baseline 0.004 -20"><span class='ocrx_word' id='word_1_449' title='bbox 232 3842 370 3893; x_wconf 88' lang='lat' dir='ltr'>medeuno</span> <span class='ocrx_word' id='word_1_450' title='bbox 381 3842 474 3892; x_wconf 84' lang='lat' dir='ltr'>studiis</span> <span class='ocrx_word' id='word_1_451' title='bbox 485 3845 550 3908; x_wconf 86' lang='lat' dir='ltr'>ejus,</span> <span class='ocrx_word' id='word_1_452' title='bbox 562 3847 758 3912; x_wconf 79' lang='lat' dir='ltr'>velutaequnlis,</span> <span class='ocrx_word' id='word_1_453' title='bbox 796 3846 841 3896; x_wconf 81' lang='lat' dir='ltr'>rud</span> <span class='ocrx_word' id='word_1_454' title='bbox 860 3846 890 3894; x_wconf 80' lang='lat' dir='ltr'>rb</span> <span class='ocrx_word' id='word_1_455' title='bbox 906 3844 950 3906; x_wconf 80' lang='lat' dir='ltr'>pir</span> <span class='ocrx_word' id='word_1_456' title='bbox 974 3844 1065 3906; x_wconf 70' lang='grc' dir='ltr'>ἔπεσιν,</span> <span class='ocrx_word' id='word_1_457' title='bbox 1083 3844 1120 3895; x_wconf 67' lang='grc' dir='ltr'>ὅτι</span> <span class='ocrx_word' id='word_1_458' title='bbox 1136 3843 1197 3894; x_wconf 76' lang='lat' dir='ltr'>seri</span> <span class='ocrx_word' id='word_1_459' title='bbox 1218 3847 1270 3895; x_wconf 72' lang='lat' dir='ltr'>dm</span> <span class='ocrx_word' id='word_1_460' title='bbox 1292 3846 1319 3896; x_wconf 82' lang='lat' dir='ltr'>rb</span> 
     </span>
     <span class='ocr_line' id='line_1_48' title="bbox 233 3918 1320 3985; baseline 0.003 -17"><span class='ocrx_word' id='word_1_461' title='bbox 233 3918 350 3983; x_wconf 81' lang='lat' dir='ltr'>adjunxi.</span> <span class='ocrx_word' id='word_1_462' title='bbox 394 3919 591 3982; x_wconf 83' lang='lat' dir='ltr'>Repuerascere</span> <span class='ocrx_word' id='word_1_463' title='bbox 621 3925 689 3971; x_wconf 91' lang='lat' dir='ltr'>euim</span> <span class='ocrx_word' id='word_1_464' title='bbox 712 3937 757 3972; x_wconf 86' lang='lat' dir='ltr'>nos</span> <span class='ocrx_word' id='word_1_465' title='bbox 795 3920 904 3983; x_wconf 68' lang='grc' dir='ltr'>ἐμπεσὸν,</span> <span class='ocrx_word' id='word_1_466' title='bbox 922 3921 957 3978; x_wconf 71' lang='grc' dir='ltr'>ἧδ’</span> <span class='ocrx_word' id='word_1_467' title='bbox 975 3919 1025 3982; x_wconf 73' lang='grc' dir='ltr'>Ιχιι</span> <span class='ocrx_word' id='word_1_468' title='bbox 1040 3922 1115 3969; x_wconf 77' lang='lat' dir='ltr'>deiru.</span> <span class='ocrx_word' id='word_1_469' title='bbox 1148 3922 1201 3971; x_wconf 89' lang='lat' dir='ltr'>Ubi</span> <span class='ocrx_word' id='word_1_470' title='bbox 1220 3922 1320 3985; x_wconf 71' lang='lat' dir='ltr'>spllnbs</span> 
     </span>
     <span class='ocr_line' id='line_1_49' title="bbox 233 3994 1320 4059; baseline 0.006 -17"><span class='ocrx_word' id='word_1_471' title='bbox 233 3996 316 4057; x_wconf 83' lang='lat' dir='ltr'>pietus</span> <span class='ocrx_word' id='word_1_472' title='bbox 329 3994 416 4058; x_wconf 87' lang='lat' dir='ltr'>jubet,</span> <span class='ocrx_word' id='word_1_473' title='bbox 432 4001 461 4044; x_wconf 93' lang='lat' dir='ltr'>ut</span> <span class='ocrx_word' id='word_1_474' title='bbox 479 3995 610 4045; x_wconf 77' lang='lat' dir='ltr'>lueremus</span> <span class='ocrx_word' id='word_1_475' title='bbox 622 3997 758 4049; x_wconf 88' lang='lat' dir='ltr'>dulcedine</span> <span class='ocrx_word' id='word_1_476' title='bbox 794 3998 919 4057; x_wconf 80' lang='lat' dir='ltr'>absorpta</span> <span class='ocrx_word' id='word_1_477' title='bbox 929 4002 979 4057; x_wconf 90' lang='lat' dir='ltr'>cst,</span> <span class='ocrx_word' id='word_1_478' title='bbox 998 4004 1025 4044; x_wconf 90' lang='lat' dir='ltr'>et</span> <span class='ocrx_word' id='word_1_479' title='bbox 1037 3995 1184 4059; x_wconf 80' lang='lat' dir='ltr'>legendum,</span> <span class='ocrx_word' id='word_1_480' title='bbox 1194 3995 1233 4047; x_wconf 68' lang='grc' dir='ltr'>καὶ</span> <span class='ocrx_word' id='word_1_481' title='bbox 1248 3996 1263 4047; x_wconf 78' lang='lat' dir='ltr'>b</span> <span class='ocrx_word' id='word_1_482' title='bbox 1278 3997 1320 4059; x_wconf 73' lang='lat' dir='ltr'>pis</span> 
     </span>
     <span class='ocr_line' id='line_1_50' title="bbox 232 4068 1319 4136; baseline 0.006 -19"><span class='ocrx_word' id='word_1_483' title='bbox 232 4068 322 4119; x_wconf 90' lang='lat' dir='ltr'>liberis</span> <span class='ocrx_word' id='word_1_484' title='bbox 340 4069 434 4119; x_wconf 88' lang='lat' dir='ltr'>nostris</span> <span class='ocrx_word' id='word_1_485' title='bbox 450 4069 522 4119; x_wconf 90' lang='lat' dir='ltr'>labor</span> <span class='ocrx_word' id='word_1_486' title='bbox 537 4072 707 4135; x_wconf 85' lang='lat' dir='ltr'>perticipatus</span> <span class='ocrx_word' id='word_1_487' title='bbox 719 4075 757 4123; x_wconf 86' lang='lat' dir='ltr'>iu·</span> <span class='ocrx_word' id='word_1_488' title='bbox 793 4071 908 4121; x_wconf 63' lang='grc' dir='ltr'>ἐνέπεσεν.</span> <span class='ocrx_word' id='word_1_489' title='bbox 942 4071 1026 4120; x_wconf 85' lang='lat' dir='ltr'>Faber</span> <span class='ocrx_word' id='word_1_490' title='bbox 1045 4073 1071 4120; x_wconf 92' lang='lat' dir='ltr'>in</span> <span class='ocrx_word' id='word_1_491' title='bbox 1087 4070 1201 4121; x_wconf 88' lang='lat' dir='ltr'>editione</span> <span class='ocrx_word' id='word_1_492' title='bbox 1220 4086 1319 4136; x_wconf 79' lang='lat' dir='ltr'>nupert</span> 
     </span>
    </p>
   </div>
   <div class='ocr_carea' id='block_1_3' title="bbox 232 4141 1314 4215">
    <p class='ocr_par' dir='ltr' id='par_1_8' title="bbox 232 4141 1314 4215">
     <span class='ocr_line' id='line_1_51' title="bbox 232 4141 1314 4215; baseline 0.011 -23"><span class='ocrx_word' id='word_1_493' title='bbox 232 4141 333 4197; x_wconf 84' lang='lat' dir='ltr'>sinuet&#39;</span> <span class='ocrx_word' id='word_1_494' title='bbox 366 4146 435 4197; x_wconf 83' lang='lat' dir='ltr'>ilinc</span> <span class='ocrx_word' id='word_1_495' title='bbox 452 4147 517 4198; x_wconf 88' lang='lat' dir='ltr'>etin</span> <span class='ocrx_word' id='word_1_496' title='bbox 533 4148 756 4202; x_wconf 87' lang='lat' dir='ltr'>amndiulbusob·</span> <span class='ocrx_word' id='word_1_497' title='bbox 795 4149 918 4212; x_wconf 82' lang='lat' dir='ltr'>correxit,</span> <span class='ocrx_word' id='word_1_498' title='bbox 929 4148 1087 4214; x_wconf 82' lang='lat' dir='ltr'>reponendo,</span> <span class='ocrx_word' id='word_1_499' title='bbox 1096 4149 1135 4200; x_wconf 83' lang='lat' dir='ltr'>sul</span> <span class='ocrx_word' id='word_1_500' title='bbox 1151 4152 1180 4203; x_wconf 77' lang='lat' dir='ltr'>rb</span> <span class='ocrx_word' id='word_1_501' title='bbox 1193 4151 1314 4215; x_wconf 52' lang='lat' dir='ltr'>melum</span> 
     </span>
    </p>
   </div>
   <div class='ocr_carea' id='block_1_4' title="bbox 0 0 1407 4764">
    <p class='ocr_par' dir='ltr' id='par_1_9' title="bbox 0 0 1407 4764">
     <span class='ocr_line' id='line_1_52' title="bbox 0 0 1407 4764; baseline 0 0"><span class='ocrx_word' id='word_1_502' title='bbox 0 0 1407 4764; x_wconf 95' lang='lat' dir='ltr'> </span> 
     </span>
    </p>
   </div>
  </div>
 </body>
</html>
