2804 4764
227 322 315 386 llll
574 333 682 381 norm
707 331 909 380 vanionnu
936 328 974 378 tn

220 464 272 528 ¹(lio
281 477 356 527 Facio
368 477 512 538 intercepte
529 474 576 524 surb
585 489 641 524 reso
650 473 669 522 i’
701 474 757 524 Ho·
795 473 861 539 qnod
874 472 981 522 innuere
991 472 1093 521 ridetur
1104 469 1146 519 bic
1156 486 1164 519 r
1174 469 1183 497 ‘
1192 467 1327 534 liffnglens

228 553 412 604 rummeminit
428 552 548 602 Sidonius
565 551 652 613 Epist.
663 563 695 600 ιι.
715 548 758 598 lib.
795 550 883 599 oculos
905 549 984 597 celeri
1007 547 1070 596 levis
1091 546 1192 595 Umbra
1216 548 1329 596 narsen?

229 645 262 681 ιι.
277 631 285 659 ‘
298 631 366 679 Hinc
380 629 436 691 jam
454 627 594 691 spectabis,
611 633 641 675 nt
657 640 759 690 promo·
795 625 838 674 lta
857 623 889 673 ad
908 624 977 672 bunc
994 625 1080 671 locum
1091 622 1205 671 salvian.
1216 635 1275 686 cap.
1287 626 1330 674 31.

228 715 290 756 reat
309 707 393 754 elvnm
414 703 525 766 piscator
544 703 569 750 in
588 702 711 765 pelagus:
730 708 759 750 nt
796 701 881 750 Rond.
892 713 988 762 cep.v.
999 699 1031 748 de
1042 695 1069 746 fl.
1081 697 1144 758 pise.
1162 697 1288 746 Frelreras.

228 781 337 831 stataria
364 780 433 827 retia
459 778 586 827 suberinis
617 778 758 827 corticibus
827 780 858 826 91
886 776 982 838 Oilipri
1007 775 1093 833 forces
1119 772 1218 834 Soreoi]
1255 772 1331 822 Alias

230 856 369 908 extendat:
388 862 417 904 nt
428 853 509 917 signis
521 867 568 916 per
589 862 661 902 certe
680 854 759 901 inter·
795 852 875 902 Serre
896 850 1006 901 fluvius:
1036 850 1078 899 cni
1100 864 1165 913 pons
1190 849 1330 911 impositus

230 928 759 991 valladispositistrsctusfuniumlibren·
797 929 865 978 senis
885 928 954 992 pilis,
980 927 1086 989 antiqno
1108 932 1136 975 et
1162 924 1331 973 memorando

230 1015 283 1068 tnr,
309 1006 403 1054 baronti
428 1005 544 1055 seilicet:
570 1011 600 1055 nt
627 1005 759 1054 nocturnis
797 1018 886 1068 opere,
902 1003 1055 1066 bandlonge
1071 1001 1188 1064 Augusta
1203 1001 1332 1049 Trevero-

231 1095 280 1145 per
303 1081 386 1130 lacurn
415 1080 567 1129 excursibus
599 1079 761 1142 rapacissimi
797 1092 852 1128 rum
873 1079 905 1130 ad
930 1080 1014 1128 ricnm
1036 1077 1185 1138 cenisium,
1210 1075 1332 1124 undeet

230 1157 370 1206 Salaresin
383 1155 710 1218 consanguineasagantur
724 1155 761 1203 in·
797 1157 848 1220 ipsi
874 1171 967 1206 nornen
988 1154 1172 1204 emembrem.
1208 1153 1250 1201 De
1278 1167 1331 1217 quo

232 1231 318 1280 sidias.
351 1230 500 1279 eridenim
514 1229 557 1277 bic
577 1231 759 1292 congruentius
799 1231 916 1281 Ortelius
935 1233 961 1281 iu
978 1231 1126 1281 itinerario.
1160 1229 1193 1278 Et
1212 1228 1332 1289 Scaliger

232 1305 352 1366 dixerim,
364 1319 422 1354 cum
434 1305 511 1368 piscis
520 1305 592 1367 pisce
604 1304 760 1367 decipitnri'
798 1306 896 1357 Annon.
909 1307 981 1356 Lect.
990 1306 1037 1355 lib.
1051 1320 1070 1355 1.
1079 1319 1137 1367 cap.
1149 1316 1182 1353 ιι.
1199 1303 1273 1352 Idem.

232 1383 327 1432 Totum
347 1383 413 1430 bunc
436 1381 519 1429 locum
541 1380 575 1429 de
598 1379 688 1429 Selare
709 1381 761 1429 ele·
835 1382 937 1445 Veiente]
953 1383 986 1432 vi
998 1392 1027 1431 et
1037 1381 1177 1444 rapiditate
1189 1394 1262 1443 aquae
1279 1379 1333 1428 buc

234 1467 327 1522 gauter
348 1465 376 1507 et
392 1455 487 1506 diffuse
508 1457 625 1520 explicat
645 1455 761 1506 Salviae.
799 1459 861 1508 illuc
874 1468 957 1522 rapte.
991 1457 1058 1508 Vide
1069 1457 1102 1506 da
1113 1458 1161 1506 boc
1177 1456 1257 1506 serbo
1269 1455 1334 1505 (lel-

234 1549 292 1598 eap·
303 1538 343 1583 st.
360 1534 486 1583 Frelrerars.
800 1536 871 1595 lium,
888 1535 933 1584 lib.
944 1547 976 1584 rr.
988 1548 1045 1598 cep.
1056 1546 1095 1582 vr.
1117 1533 1223 1582 Vinctus.

267 1607 764 1672 89Etrrullospisn...Redo]Diserat
833 1616 865 1661 92
881 1611 929 1660 Bis
948 1610 1027 1672 terne]
1052 1609 1104 1658 Sex
1125 1623 1181 1669 ora,
1207 1613 1235 1657 et
1256 1608 1334 1657 ostie.

235 1684 345 1736 Ovidius
356 1686 382 1734 in
394 1682 541 1734 Halicntico
558 1685 592 1733 de
610 1685 695 1735 Gobio
714 1699 765 1734 ms·
802 1688 898 1737 Saravo
917 1688 943 1737 iu
964 1685 1102 1735 Mosellam
1120 1686 1223 1734 exituro
1241 1697 1333 1732 oecur-

234 1761 307 1814 rino:
334 1761 489 1821 ‘Lubricns,
513 1768 542 1809 et
569 1761 645 1824 spina
666 1774 765 1811 noeuna
802 1761 1155 1823 rontiumedioalreopilm
1175 1766 1203 1809 et
1222 1760 1334 1824 scopuli,

235 1835 483 1887 nnnGobinsnlla.'
516 1837 600 1886 Piscis
611 1845 697 1886 autem
716 1839 766 1887 iste
803 1840 847 1904 qui
871 1853 948 1888 unum
969 1838 995 1886 ln
1018 1851 1064 1886 ses
1087 1837 1225 1886 dividunt:
1245 1836 1334 1901 ibique

237 1914 314 1975 Rode,
326 1914 424 1972 linceo,
437 1913 768 1978 Tiedo,l'edo(aicvarient
802 1913 919 1964 fremitus
940 1915 1031 1976 ingens
1054 1919 1081 1961 et
1102 1909 1191 1975 fragor
1211 1925 1285 1976 aqna
1308 1911 1335 1960 in

236 1989 286 2039 boe
296 2004 389 2039 nornen
400 1991 474 2038 mnlti
483 1989 554 2053 libri)
564 1990 624 2039 mibi
636 1990 713 2054 plane
727 1995 768 2039 eat
804 1990 862 2040 illos
871 1988 1048 2052 impingentis.
1067 1988 1141 2055 idem.

237 2066 398 2129 incognitum
416 2067 466 2115 nisi
483 2065 552 2129 quod
567 2065 698 2115 Robertus
718 2066 767 2115 Ca·
836 2069 869 2115 98
886 2065 968 2115 Fomoe
977 2064 1073 2124 mmoria
1085 2065 1111 2111 is
1126 2061 1228 2124 amem]
1244 2061 1337 2110 Vidcri

237 2142 303 2192 malis
326 2156 410 2204 nuper
432 2157 508 2191 aursus
534 2149 575 2192 est
601 2142 768 2204 contendere,
804 2149 893 2206 potest
903 2141 1092 2190 hemistichium
1112 2138 1337 2203 quadringentesi-

238 2233 295 2268 ease
314 2232 391 2282 quam
407 2217 509 2266 [sociam
526 2218 696 2281 appellamur,
711 2232 768 2280 par·
805 2218 840 2267 mi
850 2232 939 2267 versus
950 2217 1091 2265 Pbsrseliee
1104 2216 1210 2264 Luceni.
1227 2214 1303 2263 idem.

190 2290 194 2296 ’
238 2309 299 2344 rnna
317 2294 481 2359 pisciculum,
507 2294 602 2343 rivulos
629 2302 768 2357 amantem,
837 2298 869 2344 oe
886 2292 980 2356 Beris]
996 2292 1185 2341 videltondet.
1201 2303 1337 2354 capara.

239 2370 319 2434 spinis
332 2384 405 2433 paene
417 2370 504 2431 nullis,
519 2378 548 2419 et
558 2386 615 2435 qnae
628 2371 684 2419 sine
700 2385 768 2421 noxa
805 2370 839 2421 de
851 2369 1017 2420 fluviatilibus
1029 2368 1152 2431 piscibus.
1169 2367 1301 2417 freierus.

239 2460 298 2496 enm
321 2453 376 2495 toto
393 2459 502 2508 corpore
522 2445 686 2496 mandentur.
719 2448 769 2497 Ce·
838 2452 869 2498 95
887 2446 1044 2510 Ρόοιεοὼ]
1061 2447 1093 2496 In
1104 2447 1185 2498 senio.
1206 2448 1317 2497 Vincla

238 2529 323 2571 terum
343 2520 375 2568 de
395 2520 473 2569 hein
492 2522 566 2585 plura
585 2528 674 2570 noster
691 2522 770 2572 Belo·
840 2523 1153 2585 Pejereoeeo]Senectute.
1170 2523 1250 2573 Orld.
1269 2525 1337 2574 ‘De

239 2597 307 2646 nina.
328 2597 436 2645 Vinctus.
807 2600 902 2648 teriore
922 2598 991 2649 aero'
1011 2614 1070 2662 pag.
1089 2603 1146 2648 285
1166 2607 1193 2648 ct
1212 2603 1270 2649 530
1302 2601 1339 2649 Ut

272 2671 475 2735 Redo]lgnotne
497 2677 525 2719 et
543 2670 686 2734 scaligero.
710 2672 770 2722 Fre·
806 2676 933 2737 ‘Sequior
952 2675 1049 2737 sexus,'
1066 2674 1221 2724 foemineos·
1237 2677 1339 2738 melior,

240 2749 318 2798 beent.
808 2751 896 2799 virilia.
931 2750 1087 2812 Papiniusr.
1096 2749 1224 2801 'l'.bebald
1239 2752 1340 2799 ‘Sexus

273 2822 520 2887 90Effngieneqne..
532 2823 769 2886 Urnbre]Umbram
808 2825 1022 2890 melioriainops?
1057 2826 1154 2875 Aeson.
1165 2827 1276 2877 Parent.
1288 2840 1339 2877 xn

241 2898 339 2962 piscem
352 2909 495 2950 memorant
506 2902 600 2963 Varro
617 2902 771 2959 Columella.
809 2903 958 2952 deserere
975 2902 1109 2950 ‘lirtutes
1129 2902 1223 2950 nrrrltes
1241 2901 1341 2962 babuit,

241 2982 270 3024 et
285 2976 339 3037 alii,
354 2977 398 3042 qui
417 2977 486 3039 apud
498 2975 653 3026 Athenaeum
670 2976 772 3039 crinon,
810 2995 872 3044 qnae
890 2992 965 3026 sexus
983 2979 1079 3027 hebere
1098 2978 1201 3027 Fortior
1217 2981 1341 3042 optaret!

241 3051 339 3114 ematis,
354 3051 469 3114 σκιαδεὺς,
486 3053 645 3116 appelletur,
661 3051 708 3102 deb
728 3055 772 3112 τῆς
809 3055 869 3105 Hoc
880 3054 979 3103 notarit
987 3055 1066 3103 Turn.
1078 3052 1189 3102 Advers.
1219 3053 1256 3101 Et
1268 3053 1341 3103 addit

242 3129 318 3189 σκιᾶι,
335 3130 411 3180 idest
428 3130 461 3179 ab
477 3131 576 3192 umbre,
591 3146 666 3196 qoem
685 3132 772 3182 colare
810 3134 858 3182 boc
869 3133 926 3181 loco
936 3130 1087 3181 Salvianus:
1103 3131 1149 3179 ‘Si
1161 3131 1187 3178 in
1199 3130 1299 3181 saxosis
1310 3144 1339 3180 ae

241 3202 333 3265 refert,
352 3213 380 3254 ut
404 3205 501 3266 volunt,
522 3205 565 3269 qui
585 3205 652 3256 bunc
674 3207 772 3271 piscem
810 3209 882 3274 poris
892 3207 1040 3258 fluminibus
1052 3207 1199 3271 capiantur,
1215 3214 1245 3257 nt
1261 3207 1340 3272 probe

242 3292 319 3329 rimae
330 3294 358 3329 se
371 3286 473 3342 putent.
493 3280 602 3331 Visetur.
810 3285 923 3348 sapiunt,
942 3285 980 3332 sic
1001 3285 1143 3333 teneriores
1165 3292 1193 3334 et
1214 3291 1341 3334 concoctn

279 3357 381 3420 Umbro]
397 3357 497 3407 Graecis
507 3356 609 3421 orietur,
620 3357 774 3421 eternitatis,
810 3360 940 3412 faciliores
951 3375 1020 3423 esse,
1037 3376 1068 3410 ac
1079 3360 1227 3425 probiorem
1238 3360 1342 3423 sengni·

243 3431 342 3494 onidis,
357 3442 385 3481 et
396 3432 498 3482 Galerio
508 3440 616 3483 anctore
632 3435 709 3483 etiam
723 3452 774 3485 errr-
811 3451 870 3487 uem
892 3439 1013 3500 gignere:
1040 3436 1153 3486 ineunte
1171 3437 1252 3486 etium
1281 3450 1341 3485 vere

243 3508 307 3567 oldris
326 3508 488 3572 appelleture
509 3508 578 3571 apud
601 3510 708 3559 Latinos
729 3525 774 3560 ve·
811 3512 1041 3576 sapidioresqnem
1054 3513 1158 3576 reliquis
1170 3513 1230 3561 anni
1242 3519 1342 3576 tempo·

245 3591 315 3634 teres
324 3585 445 3645 Ennium,
455 3584 776 3652 Columellam,0ridinnr,
812 3589 882 3639 ribus
894 3587 984 3638 credi!
1017 3587 1174 3638 Grandiorcs
1192 3595 1256 3638 netu
1277 3601 1343 3651 prse-

243 3659 373 3710 lsldorum
399 3661 497 3724 Umbro,
523 3661 599 3711 bodie
621 3663 694 3713 ltalis
716 3666 776 3713 Ona·
812 3666 882 3718 serre
903 3663 1045 3714 Ausonium
1071 3665 1142 3712 soleo
1167 3678 1219 3712 nou
1247 3663 1345 3723 miseri,

244 3735 323 3794 briam
340 3735 465 3784 Parisiuis
488 3737 593 3798 Meigre.
626 3739 662 3787 Et
683 3746 713 3790 ut
735 3741 774 3790 Μ.
812 3757 871 3792 curu
883 3756 898 3790 e
910 3740 1003 3789 Rheno
1015 3737 1118 3803 quidem
1137 3745 1163 3788 ct
1175 3739 1256 3789 Nicro
1274 3739 1344 3802 bipe·

245 3814 329 3864 Varro
351 3819 380 3861 et
402 3811 516 3861 isidorus
539 3820 676 3876 testantur,
696 3816 775 3878 piscis
813 3818 886 3868 dales
915 3823 942 3865 et
973 3815 1083 3878 emplius
1119 3813 1228 3877 frugalis
1256 3822 1345 3865 nostra

245 3890 297 3940 lste
318 3903 334 3938 a
352 3888 437 3937 colore
458 3889 563 3938 Uienna
586 3889 691 3953 dicitnr,
707 3893 775 3956 quod
813 3893 929 3944 mensuris
940 3890 1097 3940 exhibuerit.
1115 3890 1214 3940 Freier.

247 3966 342 4016 Orldio
352 3972 472 4014 auctore‘
482 3966 585 4015 liventis
593 3968 628 4016 sit
636 3969 776 4033 corporisr'
847 3968 933 4029 Pn‘ore
942 3965 1004 4028 aeoo]
1020 3965 1097 4015 Adde
1113 3966 1145 4015 ad
1165 3982 1206 4029 ee,
1218 3981 1277 4032 qnae
1290 3968 1346 4030 alii,

247 4043 288 4092 rel
301 4044 389 4103 etiem,
405 4042 465 4107 qnia
477 4042 654 4105 pernicissimo
669 4059 715 4096 suo
731 4060 777 4096 na·
815 4044 929 4095 Nonium
951 4043 978 4092 in
1000 4041 1088 4091 senior
1105 4042 1229 4091 ‘ertatem
1252 4045 1344 4093 malam

247 4128 305 4171 tatu
327 4123 412 4172 oculos
431 4118 672 4186 effugienmmura
691 4126 776 4175 verine
815 4122 926 4171 Veteres
936 4125 1096 4168 senectutem
1105 4117 1245 4168 dixerunt!
1265 4118 1345 4183 Apud

248 4198 409 4250 intuentibus
429 4212 507 4265 quam
528 4200 605 4266 piscia
631 4210 776 4268 appareat:
815 4210 891 4263 quem
902 4196 976 4259 plura
987 4194 1121 4259 exempla:
1139 4193 1182 4245 ubi
1194 4194 1346 4246 et‘bonam
