2804 4764
430 321 585 371 susurru
612 323 814 374 ιιιιιιιιιι
839 327 1010 376 ιιιιιιοιιιι.
1182 315 1246 381 999

157 459 192 509 ad
200 460 317 524 juvenile
332 460 393 526 quid
407 460 553 513 faciendum
564 464 685 513 intensio·
724 465 821 527 templo
841 465 967 529 Apollinis
990 469 1174 522 sacrificantem
1203 489 1246 524 oc·

157 550 201 586 res
212 536 265 585 siut
275 551 374 598 manus,
391 539 428 588 sic
439 539 566 589 seniorum
587 547 685 588 mentes
722 541 792 590 cidit.
826 542 867 590 Sic
890 543 1243 611 Hermiouemrecuperavit:

156 613 240 660 anullo
251 620 312 662 suut
322 613 460 663 meliores!
476 615 595 664 Clemens
605 613 685 664 Alex.
722 615 831 678 Delphis
851 631 913 677 ergo
932 617 1060 679 sepultum
1079 618 1158 669 sitisse
1179 622 1245 686 Pyr·

157 687 204 735 lib.
216 701 259 736 ιιι.
277 689 385 751 Pardag.
402 704 425 738 c.
435 693 460 738 8.
475 688 588 753 epirum
605 688 631 737 al
646 689 685 737 sal
722 690 794 739 rhum
808 690 916 740 Achillis
928 693 1244 759 lilinm,dicitepitaphio·

157 763 261 825 ἀκριβεῖς
270 764 382 826 λογισμοὶ
399 764 475 813 murel
491 763 591 827 συνέσει,
602 782 684 814 omre·
721 765 843 826 graphus:
862 767 905 814 sed
923 767 980 829 ejus
997 781 1053 815 ossa
1070 769 1199 832 Hyginus,
1217 779 1245 822 et

156 837 303 901 μύζουσιτᾷ
317 839 399 903 χρόνῳ·
411 840 450 888 real
460 839 574 904 ‘rb-sirpus
590 839 684 903 ἐνισχύ-
722 840 830 889 Ovidius
841 842 866 889 in
878 842 945 902 lhin,
963 841 1081 905 perfines
1100 845 1244 900 Ambracise

158 931 225 964 ουσιν
246 917 280 979 τᾷ
301 915 361 977 τόνῳ
378 918 422 974 τῆς
447 916 597 980 πολυπειρίας
618 916 685 967 beor
720 930 817 978 sparsa.
837 917 946 967 Vinciat.
979 919 1055 968 Haud
1069 921 1158 984 inepte
1170 923 1244 986 adeo,

156 989 292 1053 ἂξιιριιστσν
301 989 537 1053 φρινήσισισιμνῆι,
556 990 589 1042 rb
606 991 685 1040 πίστιν
721 1000 750 1041 ut
761 1002 853 1056 postea
870 1008 902 1043 ex
922 998 1026 1044 Erarmo
1043 996 1132 1058 didici,
1149 999 1192 1063 qui
1209 1014 1244 1048 ex

156 1066 259 1127 εὔλογον
274 1065 431 1129 προτείνοντες
447 1067 547 1116 semor
565 1069 685 1132 respicia·
720 1069 857 1119 Pausaniae
877 1071 1043 1119 Messeniacis
1067 1074 1186 1137 adagium
1206 1090 1245 1125 re·

154 1148 202 1190 tur
213 1155 290 1203 porro
302 1142 458 1191 Plutarchus
476 1143 529 1206 aspi
544 1145 588 1202 σῆι
604 1144 684 1202 ἠθικῆς
720 1143 782 1206 fert,
802 1143 984 1206 Νισπσλέμιιοι
994 1145 1063 1204 riute,
1079 1149 1105 1196 itt
1125 1163 1170 1198 coa
1189 1151 1243 1201 dic-

154 1214 326 1278 hpm'rr,hand
339 1219 429 1279 procul
448 1217 540 1281 afine,
552 1220 683 1268 Eschines
721 1227 784 1282 turn,
794 1224 837 1287 qui
848 1237 879 1271 ea
895 1224 1038 1286 patiuntur,
1057 1223 1199 1287 cujusmodi
1216 1227 1243 1275 iu

155 1291 184 1340 iu
201 1290 362 1340 Timarchum
380 1308 406 1355 p.
424 1297 449 1342 4.
467 1292 529 1342 edit.
546 1295 637 1357 Stepb.
655 1303 683 1344 et
720 1297 782 1345 allos
794 1305 939 1359 patrarunt.

155 1367 587 1431 isocratesEpistolaadJaaouem
597 1377 682 1435 tyran·
751 1376 766 1421 t
785 1373 874 1436 Impius
891 1378 945 1423 σιιιι
955 1375 1022 1437 orus]
1047 1375 1124 1424 Forte
1136 1376 1242 1426 ellurum

153 1457 226 1493 num.
720 1448 753 1497 ad
764 1450 808 1497 illa
819 1451 919 1512 Virgilii
928 1450 971 1498 lih.
983 1463 1027 1499 ιιι.
1037 1449 1135 1499 AEueid.
1148 1463 1175 1500 v.
1186 1455 1243 1502 999.

190 1521 243 1571 No.
256 1526 313 1571 226.
330 1526 342 1571 l
358 1521 421 1571 Orbe
431 1528 500 1585 tegor
509 1524 595 1587 medio]
612 1523 681 1574 Pho·
717 1524 785 1574 ‘Ast
795 1526 865 1574 illum
882 1534 981 1589 erepte
994 1542 1086 1590 magno
1103 1524 1242 1577 inflamma-

153 1596 205 1656 etr,
216 1612 269 1645 una
285 1611 318 1645 ex
339 1597 448 1648 Graeciae
470 1599 616 1661 provinciis.
649 1600 680 1648 In
719 1607 759 1650 tus
778 1615 864 1650 amore
875 1602 1006 1665 Coujugis,
1023 1609 1050 1650 et
1067 1603 1192 1652 scelerum
1203 1601 1243 1652 iu·

152 1671 283 1734 Phocide,
292 1673 397 1736 Delphi,
407 1680 435 1722 et
446 1675 512 1722 nuth
523 1675 616 1723 civitas
630 1674 681 1723 cla·
718 1678 762 1725 riis
773 1680 882 1738 agitatus
901 1677 1019 1736 Orestes,
1035 1677 1139 1742 Excipit
1156 1677 1243 1728 incau-

153 1748 257 1797 rissima
274 1757 384 1812 propter
403 1751 526 1813 templum
546 1748 681 1812 Apollinis,
718 1759 782 1814 tum,
793 1753 940 1816 patriasque
952 1752 1130 1802 obtruncatad
1142 1753 1215 1803 aras!

153 1831 182 1872 et
199 1825 338 1873 oraculum.
383 1825 461 1875 Hunc
480 1834 565 1875 autem
587 1827 681 1888 locum,
748 1829 847 1884 aonia
857 1829 955 1891 miram]
981 1828 1064 1878 Nemo
1076 1827 1156 1877 debet
1166 1828 1241 1878 mira·

151 1899 236 1963 quiin
248 1900 332 1950 medio
351 1900 407 1951 fere
425 1903 550 1952 universae
569 1905 680 1955 Greclae
717 1903 749 1964 ri,
757 1903 851 1967 iuquit,
861 1904 885 1952 si
897 1912 949 1952 tam
962 1902 1056 1965 impius
1065 1900 1242 1963 saboneres,

151 1985 235 2038 esset,
247 1977 316 2026 orbis
335 1984 463 2027 terrarum
483 1994 583 2043 quoqne
602 1981 680 2030 totius
717 1988 746 2028 ut
758 1993 798 2028 me
809 1980 834 2027 iu
848 1979 944 2039 templo
956 1976 1082 2040 Apollinis
1096 1976 1241 2027 sacrifican-

150 2050 266 2103 medinm
275 2060 302 2100 et
312 2053 459 2102 umbilicum
468 2052 607 2104 dixerunt:
620 2071 680 2119 qua·
717 2063 770 2104 tem
779 2056 925 2104 interimere
933 2068 983 2102 uon
993 2052 1116 2102 timuerit.
1130 2054 1242 2104 Matrem

151 2128 176 2177 ai
194 2128 220 2176 iu
238 2128 307 2192 globi
326 2129 494 2178 extremitate
509 2130 580 2179 locus
599 2133 680 2182 omnir
716 2132 784 2180 euiin
795 2145 866 2179 suam
878 2128 1162 2193 clytemnestramjam
1173 2131 1243 2180 ocei-

151 2217 205 2253 ncu
229 2219 301 2269 aeque
324 2219 370 2266 pro
394 2204 480 2253 medio
506 2206 679 2270 umbilicoque
717 2204 801 2268 derat,
820 2213 848 2255 et
869 2206 926 2269 ejus
954 2204 1028 2254 furiis
1050 2205 1241 2268 exagitabatur.

151 2279 246 2328 haberi
272 2279 366 2341 possit:
392 2280 576 2345 Fabulamqne‚
605 2283 679 2346 cujus
720 2281 826 2331 Visetur.

151 2363 287 2404 auctorem
298 2355 363 2404 citat
380 2355 520 2405 Pindarum
539 2358 632 2407 Strabo
651 2361 679 2408 li·
749 2359 799 2407 No.
818 2362 865 2407 227
901 2357 1017 2421 lim-yolo]
1050 2356 1169 2406 Graecum
1202 2363 1242 2406 eat

151 2433 289 2491 brouono,
301 2431 392 2481 dehac
411 2445 440 2480 re
458 2440 517 2481 suut
532 2437 680 2498 commenti,
716 2432 879 2496 Epitaphium
901 2434 927 2480 iu
953 2432 1105 2495 Authologia
1132 2432 1242 2481 Heurici

152 2509 229 2558 Duas
251 2506 352 2555 scilicet
372 2505 486 2570 Aquilae,
504 2508 613 2572 (cygnos
635 2513 679 2560 alii
715 2507 855 2570 Stephani:
878 2505 932 2556 'Eri
950 2505 1108 2556 aeelmoeal
1126 2505 1243 2570 Εὐμήλου

151 2584 287 2644 dixerunt,
296 2589 325 2629 nt
334 2580 451 2644 estapud
461 2582 628 2633 Plutarchum
638 2587 679 2634 De
716 2586 823 2645 κειμένων
844 2586 869 2632 ἐν
886 2584 978 2647 Ἀργει.
1003 2584 1108 2645 Ἀργεῖοι
1128 2582 1242 2634 Σθένελος

151 2657 273 2709 Βεΐσοιιι
284 2658 454 2716 oraculorum,
473 2659 515 2705 alii
535 2674 634 2716 corros,
649 2670 680 2711 ιιι
717 2660 849 2718 Καπανήϊος
859 2658 903 2720 bis
917 2659 1031 2708 τέθαπται
1038 2657 1131 2718 Τύμβφ·
1142 2658 1242 2707 ealred-

151 2734 272 2783 meminit
281 2731 394 2794 Strabo,)
404 2747 479 2780 uuam
490 2733 522 2782 ab
531 2735 608 2797 Ortu,
617 2739 680 2786 alte·
716 2755 759 2785 τον
768 2735 868 2794 stirme
878 2735 1003 2799 Εὐρύαλος.
1037 2735 1188 2783 Diomedem
1201 2748 1242 2783 se·

150 2823 208 2857 ram
225 2808 260 2857 ab
270 2808 372 2857 Occasu
382 2808 488 2857 emissas
500 2808 531 2857 eb
542 2810 617 2871 Jove,
632 2811 681 2860 boc
717 2814 770 2862 cuti
786 2811 887 2861 suntad
901 2811 994 2861 bellum
1015 2811 1158 2872 Trojauum
1167 2809 1243 2857 Sthe·

151 2888 211 2936 loco
236 2886 405 2934 concurrisse.
447 2883 577 2946 Antiquos
603 2886 680 2949 poeta
717 2889 788 2936 uelus
806 2897 833 2937 et
845 2888 987 2950 Euryalus:
1010 2894 1040 2934 ut
1055 2885 1134 2934 refert
1146 2885 1241 2934 Home·

152 2960 223 3025 apud
235 2962 375 3009 Varronem
387 2967 461 3009 sesto
472 2960 505 3009 de
518 2962 615 3024 Lingua
633 2964 679 3011 La·
717 2979 759 3012 rus
770 2965 794 3011 in
814 2965 929 3012 Boeotia:
947 2975 1010 3026 quos
1022 2969 1075 3010 tres
1086 2961 1203 3023 agnoscit
1214 2961 1241 3008 iu

153 3041 220 3098 tina,
231 3044 259 3085 et
270 3037 420 3085 Ciceronem
433 3037 546 3085 secundo
556 3038 589 3085 de
610 3038 679 3085 Diri·
716 3053 781 3101 equo
791 3039 903 3101 Trojano
917 3038 1045 3087 Otrinctus
1057 3034 1165 3084 Calaber
1177 3035 1241 3083 libro

152 3114 259 3162 natione
271 3130 277 3157 ε
295 3110 336 3159 ‘0
350 3119 438 3160 sancte
449 3110 553 3177 Apollo,
571 3113 614 3175 qui
626 3129 679 3161 uru-
716 3112 885 3161 duodecimo:
903 3110 948 3159 sed
961 3112 1040 3158 solum
1052 3124 1084 3158 es
1095 3109 1241 3158 iisSthene-

152 3190 260 3240 bilicum
289 3197 388 3237 certum
419 3196 544 3237 terrarum
569 3189 682 3251 obsides,
715 3189 766 3237 lum
778 3188 902 3251 Virgilius
913 3184 1026 3235 secundo
1037 3184 1164 3233 AEneidos.
1180 3184 1242 3232 Fuit

152 3266 234 3315 Unde
260 3264 438 3328 superstitiosa
465 3265 585 3327 primum,
610 3280 679 3313 aava
714 3275 801 3316 autem
812 3265 959 3323 Diomedes,
969 3277 1015 3325 per
1026 3268 1134 3310 matrem
1144 3259 1242 3322 Deipy-

152 3345 239 3393 erasit
259 3357 308 3392 roa
328 3341 403 3391 fera!
446 3342 569 3391 Fabulam
590 3342 679 3405 attigit
714 3341 764 3391 lam
784 3341 887 3388 Adrasti
905 3338 1059 3402 Argivorum
1080 3335 1244 3398 registilium,

152 3421 233 3470 etiam
257 3418 378 3468 Placidus
404 3418 566 3477 lactantius,
600 3432 678 3480 qurum
716 3416 870 3479 Argivorum
893 3429 948 3463 rex.
987 3412 1113 3474 Euryalus
1141 3419 1242 3472 patrem

152 3496 268 3560 quaesiit,
284 3509 332 3543 cur
340 3494 438 3542 Statius
454 3492 609 3541 Parnassum
620 3495 678 3542 coeli
713 3492 804 3540 habuit
821 3491 983 3550 Mecisteum,
1000 3486 1136 3536 Sthenelus
1159 3484 1243 3547 Capa-

151 3571 267 3622 medium
278 3569 387 3617 dixisset
398 3583 474 3617 versu
489 3570 640 3629 centesimo,
651 3577 679 3618 et
715 3581 801 3628 uerum,
812 3574 842 3614 nt
853 3564 948 3613 ibidem
966 3561 1058 3610 scribit
1068 3561 1136 3609 idem
1148 3558 1244 3607 Home·

150 3646 345 3699 undevicesimo
357 3643 589 3708 prirni'l'hebaidos.
612 3645 679 3694 lier-
716 3658 777 3692 rus:
800 3642 843 3705 qui
862 3639 976 3700 suerunt,
993 3638 1144 3697 Memorem,
1161 3634 1243 3683 irater

151 3726 266 3774 taionem
287 3721 401 3769 hleuelai
420 3736 452 3769 ex
473 3721 574 3769 Helena
593 3720 681 3782 tiliam,
716 3717 829 3782 ejusdem
840 3715 961 3764 Adrasti:
987 3713 1122 3775 Capaneus
1142 3710 1242 3772 Hippo-

151 3813 274 3862 sponsam
286 3812 448 3860 suam,quum
457 3796 680 3860 endirithrrbus
717 3796 770 3856 noi,
791 3801 818 3842 et
841 3791 995 3855 Astynomes
1016 3788 1109 3837 sororis
1136 3784 1244 3833 Adrasti

151 3875 245 3926 Oresti
257 3875 282 3922 ln
294 3874 437 3936 conjugium
451 3873 574 3931 datam,a
592 3874 681 3922 Mene·
718 3871 842 3934 ejusdem,
861 3867 937 3915 filius.
979 3863 1021 3911 lta
1044 3861 1132 3923 Argivi
1155 3871 1242 3905 omues

150 3953 195 4001 iao
206 3952 288 4013 ipsam
299 3949 384 4012 petiit.
401 3949 576 3997 hlennlausah
586 3950 681 3999 Oreste
718 3948 753 4010 hi,
763 3958 894 4009 genuaque
906 3940 1012 4004 regium,
1024 3937 1092 3999 apud
1103 3929 1243 3996 Apollodo-

153 4026 277 4088 abduxit,
296 4030 323 4072 et
344 4024 446 4086 Pyrrho
466 4023 590 4072 reddidit.
624 4027 683 4076 Qus
720 4037 774 4072 turn
787 4028 814 4068 et
826 4019 965 4081 Hyginum.
986 4013 1090 4061 Visetur.

152 4101 249 4164 injuria
277 4106 394 4160 accepta,
421 4097 530 4145 Orestes
556 4113 570 4146 a
595 4097 682 4147 fratri·
752 4091 923 4152 lPleuroru'u]
950 4085 1041 4137 lEtolia
1058 4079 1245 4169 apudStruhn.

152 4178 203 4227 Μ*
234 4174 346 4236 *diuma
368 4179 398 4221 ut
417 4172 507 4221 scribit
537 4174 681 4236 Lycophro·
718 4162 1113 4243 nem‚Pliuium,Ptolemaeum,
1130 4157 1244 4219 etalror,

153 4253 196 4303 nis
217 4250 355 4313 interpres,
381 4247 508 4312 Pyrrhum
525 4248 636 4311 Delphis
656 4249 683 4298 in
719 4257 761 4299 est
777 4245 888 4296 Gracia
909 4232 1244 4303 prouincta,al'eloponne·
