2804 4764
422 336 578 388 susurru
604 335 859 388 eonucsnrurs.
1099 320 1185 388 124⁷

90 479 317 541 minimissimis,
328 488 407 544 stone
417 495 432 529 e
443 480 518 530 siritii
529 479 622 529 ruhen·
690 485 707 532 4
727 481 843 531 anehrio
855 479 950 543 neta]
971 479 1093 543 Ophelte
1103 479 1185 531 iussn·

39 581 46 596 ·
91 559 215 618 tihus,nt
231 557 323 605 scribit
341 555 441 604 Plinius
457 556 484 606 iu
506 562 623 605 extremo
660 556 932 619 tl,l.ycurgiNsrness
944 557 1012 618 regis
1028 557 1082 605 lilio
1101 572 1118 607 e
1133 570 1188 606 ser·

89 633 158 682 libro
169 629 393 696 quinctodeciruor
412 630 438 678 iu
449 630 555 679 Nesseis
563 631 623 693 splo
660 640 739 695 pente
751 634 847 691 occiso,
862 632 997 692 Adrastus,
1008 630 1187 695 Amphisrsus,

91 707 174 758 herhs
189 725 195 755 s
213 706 240 755 in
259 706 373 755 Isthmiis
393 705 456 768 pinu
472 704 575 765 robore,
595 711 623 754 et
660 716 688 758 et
698 709 742 758 slii
754 709 843 758 Greci
854 709 985 772 principos
996 722 1073 773 quum
1084 707 1185 757 Thebes

92 783 230 848 sliqnsndo
252 782 343 831 eodem
374 782 456 845 spius
485 788 515 830 ut
533 781 623 831 scribit
660 784 1185 847 Boeotioeurbemoppugustumireutlu·

92 858 248 908 Plutarchus
267 859 293 906 iu
312 858 397 920 cspito
418 857 496 909 tertio
524 857 624 922 quincti
660 860 708 909 llos
719 858 839 910 funebres
850 860 1028 920 instituerunt,
1046 860 1187 922 quedicts

95 933 292 996 Symposiseon.
312 933 418 981 Vinctus.
660 943 721 985 sunt
733 936 843 998 Nemes,
857 936 1093 1000 Asclremorunrque
1104 943 1187 986 tross-

127 1009 210 1057 hlolss
219 1007 292 1069 choo]
314 1008 406 1066 Μῆλον,
425 1018 525 1056 ornnem
547 1004 624 1055 srho·
661 1010 832 1062 uominurnnt.
864 1011 1038 1075 Apollodorus
1058 1019 1086 1061 ot
1104 1011 1187 1075 Hygi·

94 1099 148 1133 rem
171 1085 307 1147 omnisque
322 1082 422 1131 sshoris
441 1080 553 1131 fructum
571 1081 623 1132 ‹llcl
661 1098 719 1134 uus.
747 1087 826 1136 Visst.

93 1160 186 1208 scribit
199 1159 353 1221 Hesychius.
386 1155 520 1207 ‘Melum'
539 1171 572 1206 ex
591 1171 624 1206 eo
694 1163 745 1212 No.
765 1167 822 1211 888.
862 1166 876 1211 l
908 1162 1003 1212 Prisnss
1030 1161 1187 1227 olympiaco]

96 1237 193 1287 Graeco
204 1236 324 1285 dixerunt
334 1234 418 1285 hutini
431 1250 438 1284 s
455 1233 501 1283 sed
512 1234 560 1283 hoc
573 1248 624 1284 nou
661 1236 728 1286 Vide
741 1238 894 1287 Penssuisur
905 1238 931 1287 in
944 1239 1022 1287 Eleis.
1043 1239 1097 1288 Vin.

94 1311 318 1376 tsmgenusspud
330 1310 625 1373 eos‚qusmspecies,ut
693 1314 813 1362 PStuuio
833 1315 864 1363 orl
884 1314 1018 1376 lonsicin«
1039 1314 1117 1379 Circo]
1135 1313 1188 1366 Qut

95 1390 173 1448 μῆλον
193 1402 282 1451 pomus
304 1387 337 1434 sit
360 1391 388 1434 et
410 1396 511 1448 pomum
530 1385 626 1447 potius,
663 1387 750 1437 Rome
772 1389 851 1449 Circi,
880 1390 905 1438 iu
931 1391 1037 1440 Grecis
1060 1390 1138 1440 studii
1158 1398 1188 1441 et

98 1477 176 1528 quesn
188 1464 269 1512 rusius
289 1469 316 1509 et
338 1462 441 1509 snslnns.
475 1461 548 1517 ilino
564 1473 625 1522 erpo
663 1464 923 1514 studisdicehsutnrs
944 1471 1189 1529 quoquotuessoot

96 1540 263 1604 quedixernt
280 1536 399 1595 Archias,
410 1536 492 1583 suslus
499 1534 540 1584 hle
552 1549 626 1584 verss
664 1538 743 1602 pedes
755 1550 926 1590 sexcentenus
943 1541 1017 1603 longa
1031 1542 1124 1603 omnis,
1134 1556 1188 1590 osu·

96 1621 138 1662 est
148 1630 155 1661 ε
167 1620 282 1662 ceterum
291 1627 348 1677 queo
359 1612 424 1671 μῆλα
432 1611 475 1659 illo
486 1609 626 1672 intellexit,
663 1614 731 1662 nium
739 1621 797 1663 erut
806 1614 978 1677 longissimum
987 1613 1164 1678 ‘Olympicum
1170 1612 1189 1663 τ’

97 1695 125 1737 et
135 1702 212 1751 quoru
224 1689 317 1736 mulum
330 1688 457 1750 interpres
469 1687 479 1734 i
496 1693 524 1735 et
538 1686 560 1734 si
571 1685 626 1735 lou·
663 1689 730 1754 quod
742 1689 850 1753 pedihus
859 1690 911 1737 suis
923 1697 1033 1738 metstus
1041 1700 1109 1739 esset
1121 1691 1188 1741 Her·

98 1777 142 1811 rus
155 1762 214 1823 fuit,
227 1764 356 1825 interpres
373 1763 472 1811 lsuruus
488 1762 627 1823 nondinis,
664 1765 744 1824 coles,
769 1764 880 1812 omnium
905 1765 1051 1813 mortalium
1082 1780 1130 1827 per
1156 1779 1189 1816 es

99 1853 177 1902 quum
189 1845 275 1903 posset
286 1837 429 1888 commode.
461 1836 627 1899 sciremus,
664 1845 780 1900 temporn
798 1851 907 1900 corpore
933 1837 1043 1887 menime
1062 1839 1189 1889 excelsos.

99 1921 128 1964 ut
149 1929 181 1963 ne
202 1916 332 1964 Lucienus
348 1915 374 1963 in
385 1914 488 1976 diolugo
500 1912 533 1962 ds
545 1914 627 1976 Gym·
664 1913 731 1962 Vide
743 1913 820 1961 Gellii
832 1927 856 1961 c.
868 1917 891 1962 l.
903 1913 946 1963 l.r.
959 1920 1029 1961 noct.
1041 1911 1099 1961 Ars.
1111 1913 1188 1963 Idess.

99 1991 188 2052 ussiis,
199 1991 249 2041 ists
261 1990 413 2054 Pythiorsns
432 1992 498 2050 μῆλα
513 1988 626 2040 fructum
696 1988 797 2050 Argivis
816 1990 895 2037 slodis
909 1989 941 2037 orl
959 1987 1094 2049 longissimo
1113 1989 1191 2055 Cissi]

99 2067 187 2129 potius
198 2081 272 2131 quum
292 2067 410 2117 srhorern
428 2069 571 2131 seneperit,
582 2081 627 2115 ctr-
665 2066 747 2127 hege,
764 2078 822 2114 cunr
843 2064 926 2128 primo
941 2065 1084 2115 Vossisno:
1101 2064 1191 2127 Argisi

94 2144 241 2207 juncusque
261 2142 359 2191 arboris
377 2142 444 2190 susis
459 2141 566 2192 fuerint.
587 2141 628 2191 Vi·
663 2141 751 2190 sium
786 2140 881 2190 lisdem
898 2141 973 2190 liters
990 2143 1096 2201 auctior,
1112 2157 1190 2206 quom

99 2223 149 2266 nst.
181 2217 250 2268 Vide
270 2217 426 2266 Pslurerlum
437 2217 470 2265 sd
488 2218 628 2267 anisuom
666 2231 714 2280 psr
734 2224 784 2280 est,
807 2217 908 2267 censeri
938 2218 1022 2280 possit
1046 2218 1191 2271 Terentius.

101 2297 197 2356 poll).
666 2293 726 2340 Act.
745 2306 771 2342 v.
788 2307 859 2343 scen.
877 2296 901 2341 l.
921 2293 948 2341 lu
963 2292 1088 2356 Adelphis
1108 2295 1190 2358 syrus

134 2370 255 2419 No.ser.
288 2367 405 2418 sciaris
419 2367 628 2430 Pholo]Clsros‚
665 2376 753 2431 rogel:
781 2369 1004 2420 ‘Qnssuohrcmi
1025 2371 1087 2435 qulsl
1114 2369 1191 2421 feel?

101 2460 173 2495 snons
194 2453 220 2494 ct
240 2445 300 2494 urbs
316 2446 342 2493 lu
358 2443 432 2505 Asis,
447 2444 488 2492 uhi
502 2442 628 2506 Apollinis
666 2444 805 2507 respondet
816 2445 925 2506 Demes,
939 2449 947 2475 ‘
961 2446 1062 2510 Rogss?
1081 2447 1113 2496 ln
1134 2447 1192 2511 ipss

101 2519 153 2568 tuit
163 2521 303 2581 orsculurn,
313 2529 342 2568 nt
354 2519 473 2581 Delphis.
494 2519 629 2582 Virgilius,
666 2519 826 2585 turbantque
836 2521 861 2569 iu
869 2531 980 2583 peccato
988 2520 1190 2582 ursxirrro,0uosl

101 2597 207 2651 Strabo,
217 2597 298 2652 Meis,
306 2604 331 2643 et
343 2595 394 2646 slii.
417 2595 522 2644 Vinctus.
668 2594 710 2642 vix
719 2595 836 2644 sedatum
848 2597 910 2645 estis
921 2603 970 2653 est,
979 2598 1089 2660 potestis
1097 2598 1192 2660 scelus,

135 2676 151 2719 ³
168 2672 269 2720 Isthmio
282 2672 386 2719 Portuno
398 2669 496 2717 himors's
505 2668 630 2719 dioctootu
668 2672 748 2721 erusi
760 2687 787 2720 re
800 2674 866 2722 irene
885 2673 975 2735 gests!
1006 2675 1127 2724 Oratorie
1138 2675 1192 2725 die·

105 2750 227 2812 Corinthi]
243 2750 284 2798 Sic
297 2751 362 2812 lege.
378 2747 495 2809 Scoliger.
668 2754 721 2796 tum
733 2750 943 2811 putstDonutus‚
951 2751 959 2779 ‘
968 2752 1077 2814 potestis
1089 2750 1193 2800 scelus.'

138 2827 271 2889 Portunus]
295 2823 480 2886 ‘Potluuuus,’
498 2837 528 2872 sc
549 2824 630 2872 ⁸P0r·
668 2838 744 2886 qurum
762 2839 838 2872 unum
861 2825 958 2874 ebrlunr
976 2835 1065 2874 cerunt
1084 2834 1193 2888 propter

103 2903 226 2962 sumnus:
246 2909 285 2952 est
303 2903 443 2963 Pslaensou,
460 2901 503 2964 quui
516 2914 592 2964 quum
604 2900 630 2948 in
668 2898 730 2946 illud
743 2899 810 2962 quod
826 2899 872 2959 sit,
890 2900 1060 2961 ‘Exemplum
1078 2899 1194 2962 discipli·

103 2979 170 3026 rivis
184 2979 321 3027 Melicerte
337 2976 478 3037 diceretur,
496 2981 631 3039 postmos·
668 2973 735 3023 uaez’
752 2976 824 3037 qussi
842 2976 867 3023 iu
885 2975 1000 3023 omnihus
1018 2976 1062 3034 sit,
1080 2974 1146 3038 quod
1166 2976 1193 3025 in

104 3063 186 3103 tenus
202 3054 324 3118 Neptuno
343 3054 416 3102 Deus
436 3046 531 3112 lectus,
543 3055 632 3098 sello-
669 3065 719 3099 nno
741 3044 958 3113 nrrnc'aspicltnr.
992 3050 1087 3100 Posset
1107 3058 1194 3101 tomen

103 3129 204 3191 ssim,
224 3139 251 3179 et
272 3131 403 3178 Portunus
422 3135 462 3175 ost
481 3127 632 3176 uominstus.
671 3126 791 3175 Comicus
811 3127 960 3190 simpliciter
980 3127 1135 3189 scripsisse:
1153 3141 1194 3190 ps·

105 3202 633 3270 0sldinsquartoMetsnrorphoseouffly·
669 3204 728 3253 tosti
745 3205 842 3252 scelos:
870 3202 961 3251 urinum
987 3216 1096 3264 nomque
1119 3216 1195 3264 quens

106 3283 191 3345 pinus,
201 3282 315 3342 Servius,
328 3281 509 3344 Apollodorus.
529 3279 583 3328 Vin.
671 3280 744 3343 pruni
757 3280 782 3327 iu
799 3279 844 3326 hos
856 3292 956 3326 errores
971 3275 1067 3326 suerint
1079 3276 1194 3326 librariis

139 3358 248 3405 Bimuris
263 3359 341 3406 diceto
362 3354 499 3416 Corinthos]
516 3354 560 3403 Its
577 3352 633 3402 ‘hl-
670 3354 738 3402 trude
749 3361 777 3402 el
795 3355 819 3402 iu
831 3353 942 3416 Virgilio
954 3353 971 3401 l.
984 3366 1015 3402 ιι.
1029 3353 1086 3401 AEn.
1100 3366 1140 3400 vs.
1152 3355 1195 3400 oh.

105 3431 213 3481 msreru’
224 3433 366 3495 sppellsvit
381 3428 561 3479 ‘Corinthum'
580 3429 633 3479 Ho-
671 3430 749 3479 dubis
761 3430 847 3490 lectio,
868 3429 937 3481 ‘Qui
955 3442 983 3477 se
999 3429 1115 3491 ignotum
1127 3428 1197 3476 reni·

106 3508 189 3556 ntins
201 3508 226 3555 in
238 3508 348 3570 septimo
366 3507 441 3569 primi
455 3504 524 3554 libri.
558 3503 634 3556 Quou
671 3507 775 3555 entihrrs
797 3506 877 3566 ultro,
896 3507 945 3554 irc.
963 3504 1102 3553 Obtulerst
1116 3502 1130 3548 ε’
1151 3501 1196 3551 uhi

106 3590 195 3632 sutem
206 3583 265 3631 huic
277 3591 359 3630 metro
377 3583 466 3631 sitium
484 3578 591 3641 eccidit,
608 3580 633 3629 id
671 3582 773 3630 Servius
784 3581 847 3628 silos
870 3580 931 3635 Quis
947 3593 973 3629 ss
989 3579 1082 3642 legisse
1100 3583 1197 3639 mouet,

107 3667 166 3708 utro
185 3659 261 3708 ruodo
278 3666 423 3708 correctum
445 3657 515 3718 selis,
531 3656 635 3717 videris,
673 3656 765 3720 quibus
777 3648 928 3704 sssentiur.‘

107 3738 188 3787 diceto
200 3728 636 3798 Corinthos(utiuvet.codice)su,
705 3731 866 3779 hProsirnss
885 3727 989 3790 Alcides]
1011 3728 1079 3777 Vide
1101 3726 1198 3776 Psnss·

106 3809 227 3860 omullo
235 3809 360 3857 Corinthos
368 3808 422 3872 [Sic
427 3806 528 3869 corrige
538 3805 563 3854 in
573 3806 636 3855 Ver.
672 3809 749 3862 nisus,
759 3814 786 3855 et
796 3813 911 3855 vetustos
919 3805 1025 3854 Pindari
1033 3806 1197 3866 interpretes.

110 3886 185 3949 leet]
212 3901 254 3947 nu,
277 3887 341 3933 diost
365 3884 555 3934 Acrocorinthos.
589 3883 637 3932 list
677 3883 783 3932 Vinctus.

111 3973 197 4014 eutem
207 3963 329 4023 ‘dicsre‚'
340 3962 469 4022 dedicsre,
477 3974 638 4021 consecute,
704 3962 721 4007 l
739 3957 903 4019 Quinquennis
909 3952 987 4014 sum]
999 3950 1120 4013 Olympis
1132 3963 1198 3998 sem·

109 4042 198 4091 t'ocere
221 4041 247 4090 in
269 4041 391 4087 honorem
412 4046 439 4087 et
458 4036 546 4085 solers.
562 4034 636 4084 Ideni.
674 4028 1017 4096 perfrrissequinquennslis
1030 4033 1101 4090 puto.
1131 4024 1198 4074 Isth·

110 4117 203 4168 Cicero
226 4117 252 4164 in
272 4115 356 4178 Epist.
382 4113 415 4162 sd
437 4112 542 4162 Trebot·
562 4111 636 4174 ‘quse
675 4110 725 4156 mis
748 4108 833 4155 Plinio
862 4107 927 4154 lihro
951 4109 1043 4166 quarto
1068 4099 1199 4150 Nuturslls

111 4190 263 4244 Corinthum
276 4203 361 4239 urcem
369 4189 449 4239 sltsm
460 4184 607 4236 hubehsnt.¹
676 4183 800 4232 Historia
820 4181 853 4231 ‹le
874 4178 981 4240 lichnis,
997 4176 1199 4242 quinquenuslis
