2782 4762
151 308 236 375 1180
493 319 602 368 noun
627 316 827 366 veniuntur
854 316 892 364 ru

55 503 57 506 ι
150 471 199 518 hoc
210 465 360 529 opusculum
371 461 462 525 edidit,
473 461 677 525 interpretantur
712 455 765 505 tixa
793 457 819 504 in
840 454 970 518 rtlpitibns
998 454 1166 518 appellantur
1193 459 1239 504 tro·

151 545 184 592 de
194 540 384 591 sabulaMartis
394 537 545 600 deprehensi
556 550 612 586 cum
624 536 676 584 Ve-
714 530 790 594 ρει]
821 531 946 594 Apuleius
963 531 1007 580 lib.
1018 543 1038 580 ι.
1058 529 1145 579 Miles.
1164 530 1241 578 ‘Fro-

150 631 229 667 nere:
246 624 273 666 et
292 615 385 677 gallum
401 614 570 677 gallinaceum
581 610 676 660 satelli·
714 616 772 655 atur
794 606 891 655 diutius
913 616 1013 670 tropeo
1034 606 1151 690 fortuna,
1176 606 1240 669 qnod

151 703 203 743 tem
216 693 297 752 illum,
308 690 340 740 de
352 705 401 754 quo
410 689 452 737 hic
463 688 492 738 tit
504 688 610 747 mentio,
619 700 676 735 esre
713 681 770 729 fixit
782 680 857 744 ipsa!

151 769 249 817 volout.
285 768 339 829 Ego
356 779 417 814 rane
435 769 607 813 commentum
622 762 676 810 lau·
746 759 776 804 il
797 757 1056 820 liissolosquosdass]
1069 757 1100 806 ln
1113 765 1168 805 ιιι.
1181 755 1242 805 Cod.

150 845 194 905 do,
207 853 292 893 tamen
310 856 398 891 rerum
409 854 459 889 nou
471 845 542 903 poto.
573 837 677 886 Pendet
713 831 778 892 niis,
795 841 822 878 ut
840 832 932 880 Pboebi
952 830 1082 894 Apollinis
1095 832 1129 880 sit
1147 830 1244 893 epithe-

150 912 589 981 enlmaproecedentevcrsneirte:
604 911 677 959 nihii·
715 915 768 964 tou,
791 921 837 968 pro
864 921 937 968 puro,
958 907 1101 968 impolluto,
1120 920 1171 955 uec
1195 919 1244 954 noa

150 1008 201 1057 quc
217 992 286 1042 aliud
307 990 399 1052 innuit,
412 1003 488 1054 quam
506 995 622 1052 quartam
640 987 676 1035 vi·
715 981 845 1029 vntldico:
860 981 967 1045 utupud
980 982 1053 1044 Virg.
1071 979 1243 1030 ‘MihiPhu-

151 1068 246 1130 gilium,
258 1067 283 1114 iu
294 1081 344 1130 qna
357 1066 460 1116 tubicen
477 1065 597 1114 instantis
611 1062 676 1111 lucis
716 1057 762 1105 bos
775 1056 867 1121 Apollo
880 1055 1028 1106 Praemisit!
1044 1055 1181 1106 Δοιιιιίιι.

148 1152 192 1194 ιιι
204 1146 304 1206 signum
317 1143 379 1190 tuba
396 1142 473 1191 canit.
506 1140 676 1203 Propertius:
749 1133 803 1181 uni
820 1135 880 1180 solos
900 1134 1014 1195 quosdam
1032 1129 1122 1193 tersit]
1143 1130 1245 1180 Serrium

151 1220 204 1268 ‘Et
210 1219 266 1281 jam
276 1226 370 1281 quarta
380 1217 450 1266 cauit
467 1224 599 1263 venturam
617 1215 677 1262 buc·
715 1207 747 1256 ad
767 1209 934 1271 illavirgilii‚
950 1207 1094 1271 ‘Nympha
1114 1212 1204 1254 uoster
1218 1217 1245 1252 a·

150 1291 322 1343 cinalucem.'
339 1292 499 1341 ‘Venturam
511 1287 677 1338 lucem'dia-
715 1296 769 1330 ιιιοι
788 1282 969 1342 Libethrider‚'
988 1283 1081 1345 Eclog.
1101 1294 1141 1330 ιι.
1160 1280 1244 1330 ‘Saue

150 1371 172 1418 it
194 1369 357 1431 Propertius,
385 1374 414 1416 ut
440 1367 491 1426 hic,
517 1366 677 1413 ‘instantem
715 1358 865 1418 sciendum:
884 1359 977 1420 iuquit,
995 1357 1081 1422 ‘quod
1094 1358 1179 1404 Varro
1192 1364 1244 1404 tres

150 1443 251 1504 Eoum(
273 1444 322 1491 noc
343 1450 393 1503 est,
412 1441 595 1490 imminentem.
636 1440 678 1489 lta
716 1442 815 1482 tantum
841 1435 929 1483 Musas
957 1449 1015 1484 erse
1042 1440 1245 1485 commemorat:

149 1518 228 1579 igitur
249 1516 317 1578 apud
339 1516 466 1564 Romnum
483 1515 577 1577 vigiliae
595 1514 678 1562 corni·
715 1511 808 1571 Unam,
825 1525 881 1574 que
893 1525 925 1559 ea
944 1525 1016 1575 aqna
1029 1511 1246 1560 naseiturnsntn:

150 1592 208 1640 cine
236 1599 281 1639 ant
303 1590 417 1639 tubicine
444 1588 678 1652 distinguebantur.
715 1587 833 1647 alteram,
844 1586 997 1649 quamairis
1007 1587 1051 1636 icti
1063 1584 1244 1635 eflicitsouns:

151 1667 219 1714 Nam
241 1666 309 1728 apud
332 1664 439 1713 Grecos
461 1665 549 1713 eadent
573 1664 677 1728 quidem
714 1661 827 1719 tertiam,
843 1675 900 1723 quae
917 1661 944 1710 in
962 1661 1038 1710 adres
1061 1669 1163 1711 tanturn
1182 1674 1244 1710 soce

151 1739 254 1788 videtur
274 1740 366 1788 divisio
383 1739 473 1798 noctis,
491 1749 554 1802 puta
571 1741 595 1787 in
616 1755 677 1803 qna·
715 1735 850 1784 consistit!
866 1736 934 1784 Vide
948 1751 1023 1799 porro
1034 1736 1068 1785 de
1079 1736 1151 1785 hisce
1162 1735 1246 1784 Phor·

152 1814 275 1864 deantes:
295 1824 323 1863 nt
341 1815 494 1864 Theocrito:
511 1813 677 1878 rirparosnd·
714 1821 804 1862 nutum
825 1813 858 1861 de
887 1823 970 1863 natur.
994 1816 1120 1876 Deorum,
1142 1814 1245 1864 Plutar-

150 1907 194 1951 χοι
213 1889 299 1938 iorem
317 1889 407 1939 vverde.
439 1890 489 1939 sed
511 1898 596 1940 tameo
614 1894 677 1939 tuba
715 1890 789 1937 chum
800 1889 919 1952 Sympos.
932 1890 976 1940 lib.
989 1904 1029 1939 rx.
1039 1905 1082 1955 qu.
1096 1894 1136 1939 ts.
1148 1890 1244 1938 Paura-

151 1972 251 2015 tautnm
263 1967 417 2030 principium
427 1975 455 2015 et
470 1965 528 2015 finis
539 1970 620 2016 noctis
631 1968 676 2016 de·
714 1964 781 2012 uiam
792 1966 817 2012 iu
829 1965 962 2027 Boudeia,
971 1965 1145 2028 Augustiana:
1158 1965 1203 2015 lib.
1211 1977 1244 2017 ιι.

148 2040 305 2103 sigriahatur.
324 2040 442 2102 Unde,ut
451 2041 677 2090 testanturGram·
714 2039 833 2088 Doctrin.
845 2041 1006 2103 Christiane,
1017 2056 1041 2090 c.
1050 2055 1111 2090 xvr.
1121 2041 1245 2090 Constan-

149 2115 249 2173 marici,
266 2116 407 2178 Sophocles
425 2116 450 2163 iu
467 2116 675 2179 Tragoedlenqp-
716 2114 795 2162 tiurun
815 2117 840 2163 iu
858 2117 996 2178 Excerptis
1014 2131 1029 2165 e
1045 2118 1107 2166 vin
1121 2116 1182 2167 Nic.
1194 2116 1245 2165 lla·

147 2191 207 2253 piare
217 2192 318 2240 vocavit
329 2189 493 2250 mnam
498 2191 565 2254 ὅροι,
575 2201 675 2256 tempus
714 2191 837 2250 marceni,
847 2195 897 2240 dcc.

148 2269 219 2333 quod
239 2274 279 2316 est
295 2267 364 2315 inter
380 2268 559 2333 crepusculum
573 2275 600 2317 et
610 2269 674 2317 dilu·
746 2270 778 2314 ιι
795 2265 977 2332 Sedt'itheros]
1005 2268 1193 2320 QuasiGrace
1204 2272 1245 2316 ile·

151 2348 243 2395 volum.
270 2341 368 2406 ισιιριι
398 2343 454 2406 γὰρ,
479 2342 606 2407 inquiunt,
637 2343 676 2392 eal
714 2339 877 2403 dipesesset:
896 2343 1010 2406 quodne
1026 2344 1244 2408 quistalsuntpa·

135 2421 229 2484 ,ὄρθρον
251 2417 384 2479 kinelmo.
425 2419 488 2468 Mihi
510 2419 566 2468 hsce
591 2419 676 2468 verior
714 2424 762 2478 tet,
778 2419 870 2468 eodem
881 2419 956 2468 modo
973 2419 1049 2481 dixit,
1060 2420 1246 2483 Clytemestra,

149 2497 331 2560 interpretatio
339 2497 448 2545 videtur.
481 2494 548 2544 Nam
559 2495 676 2544 inveteri
714 2492 784 2555 quasi
797 2508 847 2541 nou
859 2493 1065 2558 Κλυταιμνήστρα,
1073 2495 1119 2544 sed
1138 2500 1244 2554 Κλνιφ

150 2571 250 2632 codice,
268 2578 297 2618 ut
310 2571 366 2634 jam
383 2569 477 2632 nonni,
495 2583 545 2618 non
556 2571 677 2633 depenso,
715 2567 804 2630 νήει-ιρι
814 2568 959 2618 diceretur:
977 2570 1014 2619 sic
1029 2570 1136 2618 enimin
1151 2569 1243 2618 ileroi·

150 2647 677 2711 seddepensolegitur,lrocest,eaamina·
716 2643 777 2691 bus:
803 2642 960 2692 ‘Vindicem
974 2643 1097 2692 adulterii
1113 2659 1173 2693 cons
1185 2644 1244 2708 Cly·

152 2734 188 2775 to.
222 2725 332 2773 Martem
355 2722 432 2783 enim,
449 2722 497 2770 hoc
519 2728 569 2782 ert,
592 2731 677 2770 castre
715 2718 943 2768 temestrauecet.'
977 2717 1053 2769 Quod
1070 2719 1243 2768 hicvnltAa·

151 2801 246 2850 liertia
265 2800 379 2863 depones
396 2805 480 2858 uocat,
499 2798 525 2846 ln
544 2797 637 2861 qtrihus
650 2797 677 2846 li·
714 2795 799 2842 souins
810 2794 842 2840 de
852 2793 944 2852 Minis,
955 2793 1104 2854 explicetur
1115 2791 1213 2843 diserte
1227 2807 1244 2842 a

149 2876 229 2925 beatis
247 2884 275 2925 et
295 2875 446 2924 eaamiuutis
465 2874 598 2936 equaliter
614 2888 677 2937 qua·
716 2868 845 2917 Pausania
873 2869 899 2915 in
929 2868 1047 2916 Boeotiis.
1079 2868 1149 2919 Inde
1175 2879 1244 2932 pete.

151 2959 210 2998 tuor
230 2952 343 3014 partibus
366 2951 449 2998 noctis
471 2948 562 3009 vigiliae
584 2949 677 2996 consti·
714 2944 818 2992 Deinde
829 2943 892 2992 satis
913 2944 1104 3006 vulgatiorem.
1138 2944 1243 2992 ‘'l'otiaa

150 3025 301 3075 tuebantur.
335 3026 444 3086 Depesso
462 3022 546 3085 igitur,
566 3022 598 3070 ad
617 3037 677 3072 esa·
715 3019 820 3074 ternaa.'
840 3020 888 3068 hoc
906 3027 956 3082 est,
979 3026 1019 3067 ter
1048 3028 1145 3069 ternas.
1177 3019 1242 3070 Τιιι

149 3099 677 3165 men,etequaliterpartito:equalibus
713 3096 775 3143 sola
801 3095 911 3158 primunr
938 3092 1052 3145 fuerunt.
1085 3095 1154 3145 Eum
1176 3096 1243 3144 enin

148 3175 217 3224 enim
229 3185 257 3225 et
268 3184 358 3226 exacte
376 3175 476 3223 tributis
488 3174 606 3236 pertibus
617 3189 676 3223 cou-
715 3183 848 3219 ntrmerurn
861 3171 936 3234 primi
948 3173 1060 3221 omniurn
1071 3172 1174 3223 Aloidae
1184 3187 1243 3223 eoa·

148 3259 219 3301 stant
231 3253 333 3316 vigilie.
366 3252 411 3300 Sic
426 3251 504 3298 etiarn
520 3251 546 3299 in
559 3251 677 3313 Epistola
713 3250 863 3298 stituerunt.
889 3249 1039 3314 Eodemque
1049 3265 1157 3302 nurnero
1168 3252 1244 3316 priori

149 3328 181 3377 ad
201 3328 339 3389 Thoonem,
358 3326 494 3388 dependere,
512 3338 561 3373 non
580 3328 676 3388 depres-
714 3325 826 3374 omnium
849 3325 945 3373 eisdem
966 3339 1019 3373 ιιιιι
1039 3326 1153 3375 divinant
1175 3325 1243 3377 fece·

148 3405 203 3451 dere
214 3410 285 3451 recte
305 3402 383 3450 hahet
400 3408 474 3449 vetus
491 3399 572 3449 liber:
590 3402 676 3451 ‘Quas
715 3410 774 3449 runt
786 3402 855 3449 Otus
867 3408 894 3448 et
906 3400 1048 3464 Ephialten.
1082 3402 1185 3452 ‘Tres'
1197 3402 1244 3466 igi·

149 3485 234 3528 tamen
252 3476 381 3539 explicitis
399 3488 510 3538 nequeat
527 3475 676 3536 dependere
714 3485 756 3526 tur
769 3485 869 3524 tautum
881 3490 913 3523 eo
925 3485 1052 3538 tempore.
1085 3477 1244 3543 Sedprinsne

147 3551 242 3603 chartis
253 3552 269 3600 :'
292 3553 339 3600 hoc
363 3557 411 3606 est,
433 3549 595 3612 quantumuis
617 3565 676 3599 exa·
713 3554 720 3580 ‘
735 3558 774 3601 tor
785 3550 889 3599 teruss'
901 3551 1037 3600 constituit
1052 3551 1147 3603 Pieros
1158 3554 1245 3606 Mane·

43 3649 47 3660 ·
147 3630 238 3684 mines,
257 3642 287 3676 ac
303 3625 443 3688 dependas,
461 3639 509 3672 uon
530 3633 615 3673 tsmen
632 3641 677 3688 po·
714 3627 1064 3689 domlougoposttempore.
1097 3629 1176 3680 Quod
1192 3629 1244 3680 Αι-

148 3703 364 3765 terisexplicare.
400 3701 458 3749 Non
477 3706 517 3747 est
537 3698 616 3761 igitur
630 3701 676 3750 dn·
714 3702 998 3751 rouiusinCitlsrerone
1017 3705 1161 3767 contigisse
1178 3707 1243 3768 vnit,

148 3779 227 3838 hilum,
246 3777 307 3840 quiu
326 3776 370 3824 iila
389 3773 518 3824 Parrhasii
535 3775 675 3837 sententia,
715 3778 859 3828 Pausanias
878 3785 962 3827 autent
974 3778 1103 3843 Thespiis,
1123 3781 1242 3831 vicinitas

147 3863 177 3902 ut
188 3854 262 3914 louge
274 3851 368 3915 petita,
376 3848 588 3914 explodendssit.
600 3851 677 3900 διολι-
714 3856 764 3903 loci
775 3854 952 3903 diversitatem
959 3852 1118 3913 judiciorum
1129 3865 1174 3906 ant
1185 3870 1242 3906 rea·

144 3943 199 3990 ger.
714 3932 853 3979 teutisrunt
878 3929 1047 3979 excusaverit.
1089 3930 1167 3983 Quod
1190 3933 1241 3983 aits

179 4007 211 4052 2⁹
227 4001 324 4065 Adfirit
336 4001 424 4064 opisve]
444 4003 526 4051 Varro
540 4003 609 4065 apud
622 4003 676 4052 No·
712 4006 819 4054 ‘tenuit
841 4019 904 4068 quus
922 4003 1033 4052 deutera
1055 4005 1173 4055 Phoebiz'
1198 4008 1241 4056 Vl·

147 4082 235 4130 nium:
263 4077 346 4126 ‘ideo
369 4076 430 4140 iuga
451 4077 560 4125 hostiurn
582 4079 676 4128 Graeca
714 4079 808 4129 deutur
829 4079 967 4127 simulacra
986 4079 1115 4141 Apollinis
1133 4081 1170 4130 ita
1186 4080 1240 4131 fleri

148 4163 255 4206 vocatur
282 4153 365 4217 rossi.
408 4153 477 4204 ilinc
499 4154 581 4227 spoils
598 4165 677 4221 capta
712 4156 1132 4221 solits,utdeatratnannonsem
1152 4159 1241 4214 umis
