<?xml version="1.0" encoding="UTF-8"?>
<!DOCTYPE html PUBLIC "-//W3C//DTD XHTML 1.0 Transitional//EN"
    "http://www.w3.org/TR/xhtml1/DTD/xhtml1-transitional.dtd">
<html xmlns="http://www.w3.org/1999/xhtml" xml:lang="en" lang="en">
 <head>
  <title>
</title>
<meta http-equiv="Content-Type" content="text/html;charset=utf-8" />
  <meta name='ocr-system' content='tesseract 3.04.00' />
  <meta name='ocr-capabilities' content='ocr_page ocr_carea ocr_par ocr_line ocrx_word'/>
</head>
<body>
  <div class='ocr_page' id='page_1' title='image "./dmagniausoniibu00ausogoog_0318.png"; bbox 0 0 2804 4764; ppageno 0'>
   <div class='ocr_carea' id='block_1_1' title="bbox 515 304 1248 370">
    <p class='ocr_par' dir='ltr' id='par_1_1' title="bbox 515 304 1248 370">
     <span class='ocr_line' id='line_1_1' title="bbox 515 304 1248 370; baseline 0.001 -2"><span class='ocrx_word' id='word_1_1' title='bbox 515 319 670 368; x_wconf 75' lang='lat' dir='ltr'><strong>ausonii</strong></span> <span class='ocrx_word' id='word_1_2' title='bbox 698 319 878 369; x_wconf 80' lang='lat' dir='ltr'><strong>eurania.</strong></span> <span class='ocrx_word' id='word_1_3' title='bbox 1157 304 1248 370; x_wconf 84' lang='grc'>1199</span> 
     </span>
    </p>
   </div>
   <div class='ocr_carea' id='block_1_2' title="bbox 146 459 1301 4086">
    <p class='ocr_par' dir='ltr' id='par_1_2' title="bbox 146 459 1301 4086">
     <span class='ocr_line' id='line_1_2' title="bbox 154 459 1252 524; baseline -0.004 -10"><span class='ocrx_word' id='word_1_4' title='bbox 154 464 236 514; x_wconf 76' lang='lat' dir='ltr'><strong>Larte</strong></span> <span class='ocrx_word' id='word_1_5' title='bbox 261 462 397 511; x_wconf 81' lang='lat' dir='ltr'><strong>Tolumnio</strong></span> <span class='ocrx_word' id='word_1_6' title='bbox 419 460 580 512; x_wconf 74' lang='lat' dir='ltr'><strong>Fidenatium</strong></span> <span class='ocrx_word' id='word_1_7' title='bbox 601 461 686 510; x_wconf 88' lang='lat' dir='ltr'><strong>Duce.</strong></span> <span class='ocrx_word' id='word_1_8' title='bbox 723 459 827 510; x_wconf 76' lang='lat' dir='ltr'><strong>lartern</strong></span> <span class='ocrx_word' id='word_1_9' title='bbox 855 475 925 520; x_wconf 88' lang='lat' dir='ltr'><strong>reru,</strong></span> <span class='ocrx_word' id='word_1_10' title='bbox 950 460 1010 524; x_wconf 83' lang='lat' dir='ltr'><strong>qnia</strong></span> <span class='ocrx_word' id='word_1_11' title='bbox 1031 459 1181 510; x_wconf 71' lang='lat' dir='ltr'><strong>Tolumnius</strong></span> <span class='ocrx_word' id='word_1_12' title='bbox 1207 461 1252 511; x_wconf 89' lang='lat' dir='ltr'><strong>ille</strong></span> 
     </span>
     <span class='ocr_line' id='line_1_3' title="bbox 154 535 1252 600; baseline -0.007 -8"><span class='ocrx_word' id='word_1_13' title='bbox 154 540 208 592; x_wconf 78' lang='lat' dir='ltr'><strong>Qut</strong></span> <span class='ocrx_word' id='word_1_14' title='bbox 226 547 312 588; x_wconf 81' lang='lat' dir='ltr'><strong>temen</strong></span> <span class='ocrx_word' id='word_1_15' title='bbox 329 539 364 588; x_wconf 88' lang='lat' dir='ltr'><strong>sit</strong></span> <span class='ocrx_word' id='word_1_16' title='bbox 379 538 492 587; x_wconf 88' lang='lat' dir='ltr'><strong>inrecto</strong></span> <span class='ocrx_word' id='word_1_17' title='bbox 503 537 612 587; x_wconf 74' lang='lat' dir='ltr'><strong>laruou</strong></span> <span class='ocrx_word' id='word_1_18' title='bbox 623 535 687 584; x_wconf 80' lang='lat' dir='ltr'><strong>Lora</strong></span> <span class='ocrx_word' id='word_1_19' title='bbox 723 537 829 598; x_wconf 85' lang='lat' dir='ltr'><strong>Veiens,</strong></span> <span class='ocrx_word' id='word_1_20' title='bbox 840 536 873 585; x_wconf 91' lang='lat' dir='ltr'><strong>de</strong></span> <span class='ocrx_word' id='word_1_21' title='bbox 889 550 940 600; x_wconf 84' lang='lat' dir='ltr'><strong>qno</strong></span> <span class='ocrx_word' id='word_1_22' title='bbox 955 537 1045 586; x_wconf 91' lang='lat' dir='ltr'><strong>retulit</strong></span> <span class='ocrx_word' id='word_1_23' title='bbox 1063 536 1149 598; x_wconf 87' lang='lat' dir='ltr'><strong>opima</strong></span> <span class='ocrx_word' id='word_1_24' title='bbox 1165 537 1252 599; x_wconf 86' lang='lat' dir='ltr'><strong>spolia</strong></span> 
     </span>
     <span class='ocr_line' id='line_1_4' title="bbox 153 613 1251 678; baseline -0.002 -14"><span class='ocrx_word' id='word_1_25' title='bbox 153 614 225 678; x_wconf 78' lang='lat' dir='ltr'><strong>opud</strong></span> <span class='ocrx_word' id='word_1_26' title='bbox 235 615 291 663; x_wconf 76' lang='lat' dir='ltr'><strong>hir.</strong></span> <span class='ocrx_word' id='word_1_27' title='bbox 302 615 347 663; x_wconf 83' lang='lat' dir='ltr'><strong>lits.</strong></span> <span class='ocrx_word' id='word_1_28' title='bbox 358 628 399 663; x_wconf 83' lang='lat' dir='ltr'><strong>tr.</strong></span> <span class='ocrx_word' id='word_1_29' title='bbox 408 613 576 677; x_wconf 83' lang='lat' dir='ltr'><strong>Sersinmque</strong></span> <span class='ocrx_word' id='word_1_30' title='bbox 586 629 593 661; x_wconf 76' lang='lat' dir='ltr'>z</span> <span class='ocrx_word' id='word_1_31' title='bbox 605 613 686 662; x_wconf 80' lang='lat' dir='ltr'><strong>tertia</strong></span> <span class='ocrx_word' id='word_1_32' title='bbox 724 614 824 673; x_wconf 70' lang='lat' dir='ltr'><strong>Comus,</strong></span> <span class='ocrx_word' id='word_1_33' title='bbox 834 614 871 662; x_wconf 87' lang='lat' dir='ltr'><strong>its</strong></span> <span class='ocrx_word' id='word_1_34' title='bbox 883 622 1029 674; x_wconf 76' lang='lat' dir='ltr'><strong>rotaretur,</strong></span> <span class='ocrx_word' id='word_1_35' title='bbox 1048 614 1133 663; x_wconf 84' lang='lat' dir='ltr'><strong>Lartis</strong></span> <span class='ocrx_word' id='word_1_36' title='bbox 1148 613 1251 662; x_wconf 84' lang='lat' dir='ltr'><strong>nomine</strong></span> 
     </span>
     <span class='ocr_line' id='line_1_5' title="bbox 152 686 1252 754; baseline -0.002 -13"><span class='ocrx_word' id='word_1_37' title='bbox 152 691 267 754; x_wconf 83' lang='lat' dir='ltr'><strong>denique</strong></span> <span class='ocrx_word' id='word_1_38' title='bbox 279 689 396 738; x_wconf 81' lang='lat' dir='ltr'><strong>Marcelli</strong></span> <span class='ocrx_word' id='word_1_39' title='bbox 407 688 439 737; x_wconf 91' lang='lat' dir='ltr'><strong>de</strong></span> <span class='ocrx_word' id='word_1_40' title='bbox 456 688 602 738; x_wconf 71' lang='lat' dir='ltr'><strong>Insubrium</strong></span> <span class='ocrx_word' id='word_1_41' title='bbox 622 686 685 736; x_wconf 82' lang='lat' dir='ltr'><strong>Gal·</strong></span> <span class='ocrx_word' id='word_1_42' title='bbox 722 702 820 750; x_wconf 88' lang='lat' dir='ltr'><strong>regem,</strong></span> <span class='ocrx_word' id='word_1_43' title='bbox 828 687 953 738; x_wconf 84' lang='lat' dir='ltr'><strong>duccmre</strong></span> <span class='ocrx_word' id='word_1_44' title='bbox 964 689 1041 738; x_wconf 88' lang='lat' dir='ltr'><strong>etism</strong></span> <span class='ocrx_word' id='word_1_45' title='bbox 1053 687 1162 739; x_wconf 72' lang='lat' dir='ltr'><strong>forsitan</strong></span> <span class='ocrx_word' id='word_1_46' title='bbox 1171 691 1252 752; x_wconf 89' lang='lat' dir='ltr'><strong>signi·</strong></span> 
     </span>
     <span class='ocr_line' id='line_1_6' title="bbox 152 763 1251 828; baseline 0.001 -14"><span class='ocrx_word' id='word_1_47' title='bbox 152 767 236 815; x_wconf 87' lang='lat' dir='ltr'><strong>lorum</strong></span> <span class='ocrx_word' id='word_1_48' title='bbox 255 767 327 826; x_wconf 82' lang='lat' dir='ltr'><strong>Rege</strong></span> <span class='ocrx_word' id='word_1_49' title='bbox 337 764 510 825; x_wconf 79' lang='lat' dir='ltr'><strong>Viridomaro,</strong></span> <span class='ocrx_word' id='word_1_50' title='bbox 526 778 603 828; x_wconf 88' lang='lat' dir='ltr'><strong>qoem</strong></span> <span class='ocrx_word' id='word_1_51' title='bbox 624 763 686 812; x_wconf 89' lang='lat' dir='ltr'><strong>Plu·</strong></span> <span class='ocrx_word' id='word_1_52' title='bbox 722 763 827 814; x_wconf 81' lang='lat' dir='ltr'><strong>ficante.</strong></span> <span class='ocrx_word' id='word_1_53' title='bbox 861 764 927 814; x_wconf 87' lang='lat' dir='ltr'><strong>Nam</strong></span> <span class='ocrx_word' id='word_1_54' title='bbox 938 764 1075 814; x_wconf 85' lang='lat' dir='ltr'><strong>Porsensm</strong></span> <span class='ocrx_word' id='word_1_55' title='bbox 1087 765 1199 815; x_wconf 75' lang='lat' dir='ltr'><strong>Etruriae</strong></span> <span class='ocrx_word' id='word_1_56' title='bbox 1212 779 1251 815; x_wconf 85' lang='lat' dir='ltr'><strong>rs·</strong></span> 
     </span>
     <span class='ocr_line' id='line_1_7' title="bbox 152 837 1252 903; baseline -0.002 -12"><span class='ocrx_word' id='word_1_57' title='bbox 152 842 262 891; x_wconf 75' lang='lat' dir='ltr'><strong>tercius</strong></span> <span class='ocrx_word' id='word_1_58' title='bbox 278 841 497 891; x_wconf 79' lang='lat' dir='ltr'><strong>‘Britomnnem&#39;</strong></span> <span class='ocrx_word' id='word_1_59' title='bbox 512 847 598 890; x_wconf 77' lang='lat' dir='ltr'><strong>roret.</strong></span> <span class='ocrx_word' id='word_1_60' title='bbox 616 839 685 889; x_wconf 83' lang='lat' dir='ltr'><strong>Hinc</strong></span> <span class='ocrx_word' id='word_1_61' title='bbox 722 852 781 902; x_wconf 83' lang='lat' dir='ltr'><strong>gem</strong></span> <span class='ocrx_word' id='word_1_62' title='bbox 807 837 948 888; x_wconf 79' lang='lat' dir='ltr'><strong>‘Lartem’</strong></span> <span class='ocrx_word' id='word_1_63' title='bbox 986 853 1088 903; x_wconf 87' lang='lat' dir='ltr'><strong>quoque</strong></span> <span class='ocrx_word' id='word_1_64' title='bbox 1116 840 1252 903; x_wconf 81' lang='lat' dir='ltr'><strong>appellant</strong></span> 
     </span>
     <span class='ocr_line' id='line_1_8' title="bbox 152 915 1251 982; baseline 0.004 -17"><span class='ocrx_word' id='word_1_65' title='bbox 152 924 182 966; x_wconf 90' lang='lat' dir='ltr'><strong>et</strong></span> <span class='ocrx_word' id='word_1_66' title='bbox 193 917 279 978; x_wconf 83' lang='lat' dir='ltr'><strong>Maro,</strong></span> <span class='ocrx_word' id='word_1_67' title='bbox 289 917 315 965; x_wconf 92' lang='lat' dir='ltr'><strong>iu</strong></span> <span class='ocrx_word' id='word_1_68' title='bbox 326 924 402 966; x_wconf 80' lang='lat' dir='ltr'><strong>sexto</strong></span> <span class='ocrx_word' id='word_1_69' title='bbox 414 915 545 978; x_wconf 78' lang='lat' dir='ltr'><strong>AEneidos,</strong></span> <span class='ocrx_word' id='word_1_70' title='bbox 554 915 685 965; x_wconf 76' lang='lat' dir='ltr'><strong>Anchisen</strong></span> <span class='ocrx_word' id='word_1_71' title='bbox 723 917 811 968; x_wconf 76' lang='lat' dir='ltr'><strong>Livius</strong></span> <span class='ocrx_word' id='word_1_72' title='bbox 822 926 850 968; x_wconf 89' lang='lat' dir='ltr'><strong>et</strong></span> <span class='ocrx_word' id='word_1_73' title='bbox 857 919 999 982; x_wconf 81' lang='lat' dir='ltr'><strong>Dionysius</strong></span> <span class='ocrx_word' id='word_1_74' title='bbox 1007 918 1251 970; x_wconf 80' lang='lat' dir='ltr'><strong>Halicarnassensis.</strong></span> 
     </span>
     <span class='ocr_line' id='line_1_9' title="bbox 152 992 1252 1058; baseline 0.003 -16"><span class='ocrx_word' id='word_1_75' title='bbox 152 992 343 1056; x_wconf 67' lang='lat' dir='ltr'><strong>precinentem</strong></span> <span class='ocrx_word' id='word_1_76' title='bbox 359 992 488 1057; x_wconf 86' lang='lat' dir='ltr'><strong>longeque</strong></span> <span class='ocrx_word' id='word_1_77' title='bbox 507 994 533 1041; x_wconf 93' lang='lat' dir='ltr'><strong>in</strong></span> <span class='ocrx_word' id='word_1_78' title='bbox 552 998 685 1055; x_wconf 85' lang='lat' dir='ltr'><strong>posterum</strong></span> <span class='ocrx_word' id='word_1_79' title='bbox 723 992 845 1042; x_wconf 84' lang='lat' dir='ltr'><strong>Ceterum</strong></span> <span class='ocrx_word' id='word_1_80' title='bbox 856 1007 932 1058; x_wconf 88' lang='lat' dir='ltr'><strong>quem</strong></span> <span class='ocrx_word' id='word_1_81' title='bbox 949 994 990 1044; x_wconf 82' lang='lat' dir='ltr'><strong>luc</strong></span> <span class='ocrx_word' id='word_1_82' title='bbox 1006 994 1105 1044; x_wconf 79' lang='lat' dir='ltr'><strong>liabent</strong></span> <span class='ocrx_word' id='word_1_83' title='bbox 1122 994 1181 1043; x_wconf 88' lang='lat' dir='ltr'><strong>libri</strong></span> <span class='ocrx_word' id='word_1_84' title='bbox 1199 1009 1252 1045; x_wconf 83' lang='lat' dir='ltr'><strong>om·</strong></span> 
     </span>
     <span class='ocr_line' id='line_1_10' title="bbox 152 1066 1251 1133; baseline 0.005 -18"><span class='ocrx_word' id='word_1_85' title='bbox 152 1074 265 1116; x_wconf 80' lang='lat' dir='ltr'><strong>ventura</strong></span> <span class='ocrx_word' id='word_1_86' title='bbox 286 1075 474 1118; x_wconf 68' lang='lat' dir='ltr'><strong>monstrantem</strong></span> <span class='ocrx_word' id='word_1_87' title='bbox 504 1068 541 1117; x_wconf 85' lang='lat' dir='ltr'><strong>ita</strong></span> <span class='ocrx_word' id='word_1_88' title='bbox 566 1066 679 1115; x_wconf 83' lang='lat' dir='ltr'><strong>inducit:</strong></span> <span class='ocrx_word' id='word_1_89' title='bbox 722 1077 876 1120; x_wconf 88' lang='lat' dir='ltr'><strong>nesrectnm</strong></span> <span class='ocrx_word' id='word_1_90' title='bbox 885 1071 1000 1132; x_wconf 44' lang='grc' dir='ltr'><strong>ωερε</strong></span> <span class='ocrx_word' id='word_1_91' title='bbox 1009 1071 1079 1133; x_wconf 83' lang='lat' dir='ltr'><strong>apud</strong></span> <span class='ocrx_word' id='word_1_92' title='bbox 1087 1071 1251 1121; x_wconf 81' lang='lat' dir='ltr'><strong>Titnmliri·</strong></span> 
     </span>
     <span class='ocr_line' id='line_1_11' title="bbox 150 1141 1250 1210; baseline 0.005 -18"><span class='ocrx_word' id='word_1_93' title='bbox 150 1143 311 1205; x_wconf 81' lang='lat' dir='ltr'><strong>‘Tertiaque</strong></span> <span class='ocrx_word' id='word_1_94' title='bbox 338 1158 408 1192; x_wconf 87' lang='lat' dir='ltr'><strong>arms</strong></span> <span class='ocrx_word' id='word_1_95' title='bbox 444 1143 511 1206; x_wconf 78' lang='lat' dir='ltr'><strong>patri</strong></span> <span class='ocrx_word' id='word_1_96' title='bbox 542 1141 685 1206; x_wconf 87' lang='lat' dir='ltr'><strong>suspendet</strong></span> <span class='ocrx_word' id='word_1_97' title='bbox 723 1156 765 1192; x_wconf 84' lang='lat' dir='ltr'><strong>um</strong></span> <span class='ocrx_word' id='word_1_98' title='bbox 777 1143 804 1193; x_wconf 87' lang='lat' dir='ltr'><strong>in</strong></span> <span class='ocrx_word' id='word_1_99' title='bbox 815 1152 932 1195; x_wconf 86' lang='lat' dir='ltr'><strong>extremo</strong></span> <span class='ocrx_word' id='word_1_100' title='bbox 940 1146 1007 1197; x_wconf 84' lang='lat' dir='ltr'><strong>libro</strong></span> <span class='ocrx_word' id='word_1_101' title='bbox 1018 1161 1056 1196; x_wconf 78' lang='lat' dir='ltr'><strong>rr.</strong></span> <span class='ocrx_word' id='word_1_102' title='bbox 1067 1147 1153 1210; x_wconf 89' lang='lat' dir='ltr'><strong>legere</strong></span> <span class='ocrx_word' id='word_1_103' title='bbox 1163 1147 1250 1197; x_wconf 87' lang='lat' dir='ltr'><strong>ruenti·</strong></span> 
     </span>
     <span class='ocr_line' id='line_1_12' title="bbox 151 1218 1252 1286; baseline 0.005 -17"><span class='ocrx_word' id='word_1_104' title='bbox 151 1227 234 1281; x_wconf 80' lang='lat' dir='ltr'><strong>capte</strong></span> <span class='ocrx_word' id='word_1_105' title='bbox 258 1219 384 1271; x_wconf 67' lang='lat' dir='ltr'><strong>Quirino!</strong></span> <span class='ocrx_word' id='word_1_106' title='bbox 425 1220 560 1269; x_wconf 87' lang='lat' dir='ltr'><strong>Numisms</strong></span> <span class='ocrx_word' id='word_1_107' title='bbox 581 1231 685 1282; x_wconf 84' lang='lat' dir='ltr'><strong>qnoque</strong></span> <span class='ocrx_word' id='word_1_108' title='bbox 722 1218 815 1281; x_wconf 87' lang='lat' dir='ltr'><strong>nimus,</strong></span> <span class='ocrx_word' id='word_1_109' title='bbox 826 1221 906 1270; x_wconf 90' lang='lat' dir='ltr'><strong>miror</strong></span> <span class='ocrx_word' id='word_1_110' title='bbox 917 1222 987 1286; x_wconf 88' lang='lat' dir='ltr'><strong>quod</strong></span> <span class='ocrx_word' id='word_1_111' title='bbox 999 1223 1019 1271; x_wconf 93' lang='lat' dir='ltr'><strong>is</strong></span> <span class='ocrx_word' id='word_1_112' title='bbox 1037 1223 1088 1272; x_wconf 77' lang='lat' dir='ltr'><strong>Iar</strong></span> <span class='ocrx_word' id='word_1_113' title='bbox 1105 1224 1140 1272; x_wconf 89' lang='lat' dir='ltr'><strong>sit</strong></span> <span class='ocrx_word' id='word_1_114' title='bbox 1154 1223 1252 1274; x_wconf 77' lang='lat' dir='ltr'><strong>sineS</strong></span> 
     </span>
     <span class='ocr_line' id='line_1_13' title="bbox 152 1294 1250 1360; baseline 0.005 -16"><span class='ocrx_word' id='word_1_115' title='bbox 152 1294 275 1344; x_wconf 82' lang='lat' dir='ltr'><strong>nobisest</strong></span> <span class='ocrx_word' id='word_1_116' title='bbox 283 1302 433 1357; x_wconf 89' lang='lat' dir='ltr'><strong>argenteum</strong></span> <span class='ocrx_word' id='word_1_117' title='bbox 442 1296 547 1358; x_wconf 88' lang='lat' dir='ltr'><strong>egregie</strong></span> <span class='ocrx_word' id='word_1_118' title='bbox 555 1295 685 1355; x_wconf 70' lang='lat' dir='ltr'><strong>celatum,</strong></span> <span class='ocrx_word' id='word_1_119' title='bbox 721 1294 789 1357; x_wconf 86' lang='lat' dir='ltr'><strong>apud</strong></span> <span class='ocrx_word' id='word_1_120' title='bbox 803 1296 939 1360; x_wconf 81' lang='lat' dir='ltr'><strong>Carisinm,</strong></span> <span class='ocrx_word' id='word_1_121' title='bbox 949 1298 993 1347; x_wconf 87' lang='lat' dir='ltr'><strong>nbi</strong></span> <span class='ocrx_word' id='word_1_122' title='bbox 1004 1298 1042 1350; x_wconf 88' lang='lat' dir='ltr'><strong>sic</strong></span> <span class='ocrx_word' id='word_1_123' title='bbox 1054 1298 1163 1360; x_wconf 86' lang='lat' dir='ltr'><strong>legitur:</strong></span> <span class='ocrx_word' id='word_1_124' title='bbox 1181 1299 1250 1349; x_wconf 83' lang='lat' dir='ltr'><strong>‘Lar</strong></span> 
     </span>
     <span class='ocr_line' id='line_1_14' title="bbox 152 1369 1251 1438; baseline 0.005 -17"><span class='ocrx_word' id='word_1_125' title='bbox 152 1371 560 1436; x_wconf 79' lang='lat' dir='ltr'><strong>cnjussltcraparsarchetypam</strong></span> <span class='ocrx_word' id='word_1_126' title='bbox 571 1370 614 1435; x_wconf 90' lang='lat' dir='ltr'><strong>(ut</strong></span> <span class='ocrx_word' id='word_1_127' title='bbox 625 1385 685 1421; x_wconf 88' lang='lat' dir='ltr'><strong>con·</strong></span> <span class='ocrx_word' id='word_1_128' title='bbox 721 1371 743 1418; x_wconf 91' lang='lat' dir='ltr'><strong>si</strong></span> <span class='ocrx_word' id='word_1_129' title='bbox 758 1369 888 1423; x_wconf 73' lang='lat' dir='ltr'><strong>familiaris</strong></span> <span class='ocrx_word' id='word_1_130' title='bbox 909 1375 969 1436; x_wconf 89' lang='lat' dir='ltr'><strong>erit,</strong></span> <span class='ocrx_word' id='word_1_131' title='bbox 988 1374 1102 1438; x_wconf 77' lang='lat' dir='ltr'><strong>genitivo</strong></span> <span class='ocrx_word' id='word_1_132' title='bbox 1122 1376 1209 1425; x_wconf 84' lang='lat' dir='ltr'><strong>Laris:</strong></span> <span class='ocrx_word' id='word_1_133' title='bbox 1227 1377 1251 1427; x_wconf 91' lang='lat' dir='ltr'><strong>si</strong></span> 
     </span>
     <span class='ocr_line' id='line_1_15' title="bbox 146 1446 1251 1512; baseline 0.005 -16"><span class='ocrx_word' id='word_1_134' title='bbox 146 1447 246 1509; x_wconf 87' lang='lat' dir='ltr'><strong>jectsri</strong></span> <span class='ocrx_word' id='word_1_135' title='bbox 255 1446 331 1510; x_wconf 87' lang='lat' dir='ltr'><strong>licet)</strong></span> <span class='ocrx_word' id='word_1_136' title='bbox 340 1448 394 1511; x_wconf 86' lang='lat' dir='ltr'><strong>ejus</strong></span> <span class='ocrx_word' id='word_1_137' title='bbox 401 1449 487 1497; x_wconf 81' lang='lat' dir='ltr'><strong>ruitur</strong></span> <span class='ocrx_word' id='word_1_138' title='bbox 496 1447 631 1510; x_wconf 75' lang='lat' dir='ltr'><strong>imaginem</strong></span> <span class='ocrx_word' id='word_1_139' title='bbox 639 1461 684 1496; x_wconf 82' lang='lat' dir='ltr'><strong>ex·</strong></span> <span class='ocrx_word' id='word_1_140' title='bbox 720 1446 858 1509; x_wconf 88' lang='lat' dir='ltr'><strong>Tolnmuii,</strong></span> <span class='ocrx_word' id='word_1_141' title='bbox 869 1449 910 1499; x_wconf 88' lang='lat' dir='ltr'><strong>rel</strong></span> <span class='ocrx_word' id='word_1_142' title='bbox 920 1449 1053 1512; x_wconf 71' lang='lat' dir='ltr'><strong>Porsenna,</strong></span> <span class='ocrx_word' id='word_1_143' title='bbox 1064 1450 1165 1501; x_wconf 69' lang='lat' dir='ltr'><strong>Lenis:</strong></span> <span class='ocrx_word' id='word_1_144' title='bbox 1176 1450 1251 1501; x_wconf 87' lang='lat' dir='ltr'><strong>ldcm</strong></span> 
     </span>
     <span class='ocr_line' id='line_1_16' title="bbox 153 1522 1250 1589; baseline 0.005 -18"><span class='ocrx_word' id='word_1_145' title='bbox 153 1536 269 1586; x_wconf 82' lang='lat' dir='ltr'><strong>pressam</strong></span> <span class='ocrx_word' id='word_1_146' title='bbox 289 1522 383 1572; x_wconf 83' lang='lat' dir='ltr'><strong>habet:</strong></span> <span class='ocrx_word' id='word_1_147' title='bbox 411 1523 496 1572; x_wconf 83' lang='lat' dir='ltr'><strong>altera</strong></span> <span class='ocrx_word' id='word_1_148' title='bbox 516 1536 577 1571; x_wconf 80' lang='lat' dir='ltr'><strong>vero</strong></span> <span class='ocrx_word' id='word_1_149' title='bbox 604 1523 683 1572; x_wconf 90' lang='lat' dir='ltr'><strong>totins</strong></span> <span class='ocrx_word' id='word_1_150' title='bbox 721 1529 757 1583; x_wconf 74' lang='lat' dir='ltr'><strong>et=</strong></span> <span class='ocrx_word' id='word_1_151' title='bbox 775 1523 845 1586; x_wconf 90' lang='lat' dir='ltr'><strong>apud</strong></span> <span class='ocrx_word' id='word_1_152' title='bbox 872 1524 1033 1575; x_wconf 81' lang='lat' dir='ltr'><strong>Prisciannnr</strong></span> <span class='ocrx_word' id='word_1_153' title='bbox 1060 1526 1155 1589; x_wconf 89' lang='lat' dir='ltr'><strong>legitur</strong></span> <span class='ocrx_word' id='word_1_154' title='bbox 1183 1527 1250 1576; x_wconf 90' lang='lat' dir='ltr'><strong>libro</strong></span> 
     </span>
     <span class='ocr_line' id='line_1_17' title="bbox 152 1598 1250 1665; baseline 0.003 -17"><span class='ocrx_word' id='word_1_155' title='bbox 152 1598 270 1660; x_wconf 86' lang='lat' dir='ltr'><strong>corporis</strong></span> <span class='ocrx_word' id='word_1_156' title='bbox 280 1598 314 1648; x_wconf 93' lang='lat' dir='ltr'><strong>de</strong></span> <span class='ocrx_word' id='word_1_157' title='bbox 323 1598 683 1662; x_wconf 83' lang='lat' dir='ltr'><strong>moreirnsgnncnlsm‚spolis</strong></span> <span class='ocrx_word' id='word_1_158' title='bbox 720 1599 837 1662; x_wconf 88' lang='lat' dir='ltr'><strong>quincto,</strong></span> <span class='ocrx_word' id='word_1_159' title='bbox 848 1600 893 1649; x_wconf 91' lang='lat' dir='ltr'><strong>sed</strong></span> <span class='ocrx_word' id='word_1_160' title='bbox 910 1616 961 1651; x_wconf 89' lang='lat' dir='ltr'><strong>non</strong></span> <span class='ocrx_word' id='word_1_161' title='bbox 972 1617 1018 1652; x_wconf 87' lang='lat' dir='ltr'><strong>suo</strong></span> <span class='ocrx_word' id='word_1_162' title='bbox 1037 1602 1064 1651; x_wconf 91' lang='lat' dir='ltr'><strong>id</strong></span> <span class='ocrx_word' id='word_1_163' title='bbox 1083 1603 1140 1652; x_wconf 87' lang='lat' dir='ltr'><strong>loco</strong></span> <span class='ocrx_word' id='word_1_164' title='bbox 1156 1603 1250 1665; x_wconf 67' lang='lat' dir='ltr'><strong>preci·</strong></span> 
     </span>
     <span class='ocr_line' id='line_1_18' title="bbox 152 1674 1250 1738; baseline 0.005 -16"><span class='ocrx_word' id='word_1_165' title='bbox 152 1674 203 1738; x_wconf 80' lang='lat' dir='ltr'><strong>ipsi</strong></span> <span class='ocrx_word' id='word_1_166' title='bbox 221 1675 317 1737; x_wconf 85' lang='lat' dir='ltr'><strong>templo</strong></span> <span class='ocrx_word' id='word_1_167' title='bbox 335 1683 541 1738; x_wconf 84' lang='lat' dir='ltr'><strong>consecrantem,</strong></span> <span class='ocrx_word' id='word_1_168' title='bbox 554 1674 683 1722; x_wconf 82' lang='lat' dir='ltr'><strong>manibus·</strong></span> <span class='ocrx_word' id='word_1_169' title='bbox 721 1675 810 1738; x_wconf 87' lang='lat' dir='ltr'><strong>pitur:</strong></span> <span class='ocrx_word' id='word_1_170' title='bbox 828 1683 855 1725; x_wconf 86' lang='lat' dir='ltr'><strong>ct</strong></span> <span class='ocrx_word' id='word_1_171' title='bbox 870 1678 955 1726; x_wconf 86' lang='lat' dir='ltr'><strong>omnis</strong></span> <span class='ocrx_word' id='word_1_172' title='bbox 973 1685 1088 1727; x_wconf 84' lang='lat' dir='ltr'><strong>veterum</strong></span> <span class='ocrx_word' id='word_1_173' title='bbox 1100 1678 1250 1728; x_wconf 77' lang='lat' dir='ltr'><strong>Latinorum</strong></span> 
     </span>
     <span class='ocr_line' id='line_1_19' title="bbox 151 1748 1252 1816; baseline 0.003 -16"><span class='ocrx_word' id='word_1_174' title='bbox 151 1751 267 1815; x_wconf 78' lang='lat' dir='ltr'><strong>quernis</strong></span> <span class='ocrx_word' id='word_1_175' title='bbox 286 1751 494 1813; x_wconf 71' lang='lat' dir='ltr'><strong>suspendentem,</strong></span> <span class='ocrx_word' id='word_1_176' title='bbox 515 1748 634 1812; x_wconf 86' lang='lat' dir='ltr'><strong>donoque</strong></span> <span class='ocrx_word' id='word_1_177' title='bbox 654 1748 682 1799; x_wconf 83' lang='lat' dir='ltr'><strong>fi-</strong></span> <span class='ocrx_word' id='word_1_178' title='bbox 720 1750 980 1816; x_wconf 85' lang='lat' dir='ltr'><strong>Grammaticaqoam</strong></span> <span class='ocrx_word' id='word_1_179' title='bbox 991 1750 1060 1802; x_wconf 75' lang='lat' dir='ltr'><strong>tede</strong></span> <span class='ocrx_word' id='word_1_180' title='bbox 1076 1752 1252 1803; x_wconf 78' lang='lat' dir='ltr'><strong>contaminate</strong></span> 
     </span>
     <span class='ocr_line' id='line_1_20' title="bbox 152 1825 1250 1891; baseline 0.003 -16"><span class='ocrx_word' id='word_1_181' title='bbox 152 1835 271 1890; x_wconf 86' lang='lat' dir='ltr'><strong>gentem,</strong></span> <span class='ocrx_word' id='word_1_182' title='bbox 286 1826 437 1889; x_wconf 89' lang='lat' dir='ltr'><strong>inscriptam</strong></span> <span class='ocrx_word' id='word_1_183' title='bbox 449 1825 536 1882; x_wconf 87' lang='lat' dir='ltr'><strong>titulo,</strong></span> <span class='ocrx_word' id='word_1_184' title='bbox 552 1825 683 1873; x_wconf 68' lang='lat' dir='ltr'><strong>‘Mucel</strong></span> <span class='ocrx_word' id='word_1_185' title='bbox 720 1828 965 1891; x_wconf 85' lang='lat' dir='ltr'><strong>corruptaqueaint,</strong></span> <span class='ocrx_word' id='word_1_186' title='bbox 982 1828 1046 1877; x_wconf 90' lang='lat' dir='ltr'><strong>scio.</strong></span> <span class='ocrx_word' id='word_1_187' title='bbox 1078 1828 1109 1876; x_wconf 92' lang='lat' dir='ltr'><strong>ln</strong></span> <span class='ocrx_word' id='word_1_188' title='bbox 1121 1829 1250 1891; x_wconf 86' lang='lat' dir='ltr'><strong>principio</strong></span> 
     </span>
     <span class='ocr_line' id='line_1_21' title="bbox 152 1899 1249 1967; baseline 0.001 -16"><span class='ocrx_word' id='word_1_189' title='bbox 152 1904 193 1951; x_wconf 87' lang='lat' dir='ltr'><strong>lns</strong></span> <span class='ocrx_word' id='word_1_190' title='bbox 228 1903 288 1952; x_wconf 87' lang='lat' dir='ltr'><strong>Cos.</strong></span> <span class='ocrx_word' id='word_1_191' title='bbox 323 1903 417 1967; x_wconf 65' lang='lat' dir='ltr'><strong>quinq!</strong></span> <span class='ocrx_word' id='word_1_192' title='bbox 465 1899 583 1951; x_wconf 82' lang='lat' dir='ltr'><strong>Secunda</strong></span> <span class='ocrx_word' id='word_1_193' title='bbox 619 1913 682 1962; x_wconf 84' lang='lat' dir='ltr'><strong>ergo</strong></span> <span class='ocrx_word' id='word_1_194' title='bbox 719 1915 794 1951; x_wconf 75' lang='lat' dir='ltr'><strong>noum</strong></span> <span class='ocrx_word' id='word_1_195' title='bbox 806 1902 959 1966; x_wconf 77' lang='lat' dir='ltr'><strong>Philippices</strong></span> <span class='ocrx_word' id='word_1_196' title='bbox 981 1903 1113 1953; x_wconf 81' lang='lat' dir='ltr'><strong>Ciceronis</strong></span> <span class='ocrx_word' id='word_1_197' title='bbox 1126 1918 1174 1953; x_wconf 86' lang='lat' dir='ltr'><strong>nec</strong></span> <span class='ocrx_word' id='word_1_198' title='bbox 1189 1904 1249 1965; x_wconf 76' lang='lat' dir='ltr'><strong>lar,</strong></span> 
     </span>
     <span class='ocr_line' id='line_1_22' title="bbox 152 1975 1250 2043; baseline 0.001 -16"><span class='ocrx_word' id='word_1_199' title='bbox 152 1977 270 2042; x_wconf 84' lang='lat' dir='ltr'><strong>‘spolia&#39;</strong></span> <span class='ocrx_word' id='word_1_200' title='bbox 287 1980 363 2028; x_wconf 75' lang='lat' dir='ltr'><strong>cum·</strong></span> <span class='ocrx_word' id='word_1_201' title='bbox 376 1977 478 2040; x_wconf 86' lang='lat' dir='ltr'><strong>tertiis‚&#39;</strong></span> <span class='ocrx_word' id='word_1_202' title='bbox 496 1985 524 2027; x_wconf 89' lang='lat' dir='ltr'><strong>et</strong></span> <span class='ocrx_word' id='word_1_203' title='bbox 542 1975 682 2027; x_wconf 79' lang='lat' dir='ltr'><strong>‘Lertem&#39;</strong></span> <span class='ocrx_word' id='word_1_204' title='bbox 720 1978 848 2043; x_wconf 75' lang='lat' dir='ltr'><strong>nectara,</strong></span> <span class='ocrx_word' id='word_1_205' title='bbox 863 1979 909 2028; x_wconf 85' lang='lat' dir='ltr'><strong>sed</strong></span> <span class='ocrx_word' id='word_1_206' title='bbox 924 1979 1011 2028; x_wconf 76' lang='lat' dir='ltr'><strong>Iartcs</strong></span> <span class='ocrx_word' id='word_1_207' title='bbox 1020 1979 1171 2029; x_wconf 74' lang='lat' dir='ltr'><strong>Tolumnius</strong></span> <span class='ocrx_word' id='word_1_208' title='bbox 1182 1992 1250 2028; x_wconf 82' lang='lat' dir='ltr'><strong>sem·</strong></span> 
     </span>
     <span class='ocr_line' id='line_1_23' title="bbox 152 2051 1250 2119; baseline 0.001 -15"><span class='ocrx_word' id='word_1_209' title='bbox 152 2068 213 2104; x_wconf 89' lang='lat' dir='ltr'><strong>cnm</strong></span> <span class='ocrx_word' id='word_1_210' title='bbox 231 2055 366 2105; x_wconf 75' lang='lat' dir='ltr'><strong>Gallorum</strong></span> <span class='ocrx_word' id='word_1_211' title='bbox 381 2053 465 2115; x_wconf 87' lang='lat' dir='ltr'><strong>Doce,</strong></span> <span class='ocrx_word' id='word_1_212' title='bbox 474 2051 635 2101; x_wconf 83' lang='lat' dir='ltr'><strong>confundere</strong></span> <span class='ocrx_word' id='word_1_213' title='bbox 646 2052 682 2101; x_wconf 85' lang='lat' dir='ltr'><strong>ri·</strong></span> <span class='ocrx_word' id='word_1_214' title='bbox 722 2053 837 2116; x_wconf 76' lang='lat' dir='ltr'><strong>perlegi.</strong></span> <span class='ocrx_word' id='word_1_215' title='bbox 871 2053 1250 2119; x_wconf 80' lang='lat' dir='ltr'><strong>thuodadauctoresGrte·</strong></span> 
     </span>
     <span class='ocr_line' id='line_1_24' title="bbox 151 2127 1251 2194; baseline 0.002 -15"><span class='ocrx_word' id='word_1_216' title='bbox 151 2129 232 2182; x_wconf 83' lang='lat' dir='ltr'><strong>detur</strong></span> <span class='ocrx_word' id='word_1_217' title='bbox 244 2131 380 2179; x_wconf 76' lang='lat' dir='ltr'><strong>Ausonius.</strong></span> <span class='ocrx_word' id='word_1_218' title='bbox 413 2128 490 2182; x_wconf 84' lang='lat' dir='ltr'><strong>Quod</strong></span> <span class='ocrx_word' id='word_1_219' title='bbox 509 2129 577 2179; x_wconf 91' lang='lat' dir='ltr'><strong>enirn</strong></span> <span class='ocrx_word' id='word_1_220' title='bbox 596 2129 684 2179; x_wconf 66' lang='lat' dir='ltr'><strong>‘Are</strong></span> <span class='ocrx_word' id='word_1_221' title='bbox 721 2143 764 2178; x_wconf 88' lang='lat' dir='ltr'><strong>cos</strong></span> <span class='ocrx_word' id='word_1_222' title='bbox 773 2129 877 2192; x_wconf 88' lang='lat' dir='ltr'><strong>attinet,</strong></span> <span class='ocrx_word' id='word_1_223' title='bbox 887 2139 973 2180; x_wconf 91' lang='lat' dir='ltr'><strong>rectus</strong></span> <span class='ocrx_word' id='word_1_224' title='bbox 989 2137 1029 2181; x_wconf 88' lang='lat' dir='ltr'><strong>est</strong></span> <span class='ocrx_word' id='word_1_225' title='bbox 1044 2127 1120 2194; x_wconf 58' lang='lat' dir='ltr'><strong>stne</strong></span> <span class='ocrx_word' id='word_1_226' title='bbox 1135 2130 1251 2194; x_wconf 62' lang='grc' dir='ltr'><strong>Πορσίνα</strong></span> 
     </span>
     <span class='ocr_line' id='line_1_25' title="bbox 151 2204 1251 2271; baseline 0.001 -16"><span class='ocrx_word' id='word_1_227' title='bbox 151 2206 295 2269; x_wconf 89' lang='lat' dir='ltr'><strong>moricum,&#39;</strong></span> <span class='ocrx_word' id='word_1_228' title='bbox 313 2206 338 2255; x_wconf 91' lang='lat' dir='ltr'><strong>id</strong></span> <span class='ocrx_word' id='word_1_229' title='bbox 359 2213 409 2263; x_wconf 85' lang='lat' dir='ltr'><strong>est,</strong></span> <span class='ocrx_word' id='word_1_230' title='bbox 425 2205 594 2270; x_wconf 77' lang='lat' dir='ltr'><strong>Aquilonum,</strong></span> <span class='ocrx_word' id='word_1_231' title='bbox 607 2213 684 2256; x_wconf 82' lang='lat' dir='ltr'><strong>vocet</strong></span> <span class='ocrx_word' id='word_1_232' title='bbox 720 2204 789 2268; x_wconf 74' lang='lat' dir='ltr'><strong>apud</strong></span> <span class='ocrx_word' id='word_1_233' title='bbox 799 2205 1051 2255; x_wconf 80' lang='lat' dir='ltr'><strong>Halicarnassensem</strong></span> <span class='ocrx_word' id='word_1_234' title='bbox 1060 2207 1125 2256; x_wconf 84' lang='lat' dir='ltr'><strong>libro</strong></span> <span class='ocrx_word' id='word_1_235' title='bbox 1132 2207 1251 2271; x_wconf 84' lang='lat' dir='ltr'><strong>quincto,</strong></span> 
     </span>
     <span class='ocr_line' id='line_1_26' title="bbox 152 2279 1301 2345; baseline 0.002 -16"><span class='ocrx_word' id='word_1_236' title='bbox 152 2294 223 2342; x_wconf 88' lang='lat' dir='ltr'><strong>enm,</strong></span> <span class='ocrx_word' id='word_1_237' title='bbox 248 2281 292 2344; x_wconf 85' lang='lat' dir='ltr'><strong>qni</strong></span> <span class='ocrx_word' id='word_1_238' title='bbox 312 2281 428 2331; x_wconf 86' lang='lat' dir='ltr'><strong>Insubris</strong></span> <span class='ocrx_word' id='word_1_239' title='bbox 455 2279 544 2341; x_wconf 80' lang='lat' dir='ltr'><strong>fuerit,</strong></span> <span class='ocrx_word' id='word_1_240' title='bbox 570 2281 684 2344; x_wconf 75' lang='lat' dir='ltr'><strong>sequiora</strong></span> <span class='ocrx_word' id='word_1_241' title='bbox 721 2279 766 2328; x_wconf 91' lang='lat' dir='ltr'><strong>aed</strong></span> <span class='ocrx_word' id='word_1_242' title='bbox 775 2280 892 2345; x_wconf 86' lang='lat' dir='ltr'><strong>obliquus</strong></span> <span class='ocrx_word' id='word_1_243' title='bbox 901 2279 1251 2345; x_wconf 71' lang='lat' dir='ltr'><strong>casusmpmnopclrcrin</strong></span> <span class='ocrx_word' id='word_1_244' title='bbox 1298 2281 1301 2291; x_wconf 84' lang='grc'><strong>“</strong></span> 
     </span>
     <span class='ocr_line' id='line_1_27' title="bbox 152 2355 1250 2429; baseline -0.003 -21"><span class='ocrx_word' id='word_1_245' title='bbox 152 2359 240 2408; x_wconf 81' lang='lat' dir='ltr'><strong>animo</strong></span> <span class='ocrx_word' id='word_1_246' title='bbox 258 2357 466 2420; x_wconf 76' lang='lat' dir='ltr'><strong>pretereundum</strong></span> <span class='ocrx_word' id='word_1_247' title='bbox 484 2357 684 2421; x_wconf 87' lang='lat' dir='ltr'><strong>ridetur‚quam</strong></span> <span class='ocrx_word' id='word_1_248' title='bbox 721 2355 857 2406; x_wconf 79' lang='lat' dir='ltr'><strong>Plutarchi</strong></span> <span class='ocrx_word' id='word_1_249' title='bbox 874 2357 1019 2429; x_wconf 79' lang='lat' dir='ltr'><strong>Publicola.</strong></span> <span class='ocrx_word' id='word_1_250' title='bbox 1051 2355 1144 2422; x_wconf 64' lang='grc' dir='ltr'><strong>Δάρης</strong></span> <span class='ocrx_word' id='word_1_251' title='bbox 1160 2358 1250 2423; x_wconf 85' lang='lat' dir='ltr'><strong>appel·</strong></span> 
     </span>
     <span class='ocr_line' id='line_1_28' title="bbox 151 2430 1041 2496; baseline 0.002 -14"><span class='ocrx_word' id='word_1_252' title='bbox 151 2441 183 2482; x_wconf 90' lang='lat' dir='ltr'><strong>nt</strong></span> <span class='ocrx_word' id='word_1_253' title='bbox 201 2433 287 2483; x_wconf 77' lang='lat' dir='ltr'><strong>Lartis</strong></span> <span class='ocrx_word' id='word_1_254' title='bbox 306 2434 330 2482; x_wconf 90' lang='lat' dir='ltr'><strong>ei</strong></span> <span class='ocrx_word' id='word_1_255' title='bbox 354 2447 445 2482; x_wconf 88' lang='lat' dir='ltr'><strong>nomen</strong></span> <span class='ocrx_word' id='word_1_256' title='bbox 464 2431 544 2482; x_wconf 78' lang='lat' dir='ltr'><strong>fuitne</strong></span> <span class='ocrx_word' id='word_1_257' title='bbox 567 2440 684 2496; x_wconf 90' lang='lat' dir='ltr'><strong>putetur.</strong></span> <span class='ocrx_word' id='word_1_258' title='bbox 720 2430 914 2482; x_wconf 78' lang='lat' dir='ltr'><strong>laturTsetsoe.</strong></span> <span class='ocrx_word' id='word_1_259' title='bbox 934 2433 1041 2484; x_wconf 74' lang='lat' dir='ltr'><strong>Vinctus.</strong></span> 
     </span>
     <span class='ocr_line' id='line_1_29' title="bbox 152 2508 1250 2575; baseline -0.003 -14"><span class='ocrx_word' id='word_1_260' title='bbox 152 2511 215 2563; x_wconf 81' lang='lat' dir='ltr'><strong>Nisi</strong></span> <span class='ocrx_word' id='word_1_261' title='bbox 223 2511 281 2575; x_wconf 82' lang='lat' dir='ltr'><strong>quis</strong></span> <span class='ocrx_word' id='word_1_262' title='bbox 298 2512 420 2559; x_wconf 83' lang='lat' dir='ltr'><strong>‘Lartem</strong></span> <span class='ocrx_word' id='word_1_263' title='bbox 431 2509 622 2559; x_wconf 77' lang='lat' dir='ltr'><strong>Aremoricnnr’</strong></span> <span class='ocrx_word' id='word_1_264' title='bbox 639 2524 683 2559; x_wconf 86' lang='lat' dir='ltr'><strong>ec·</strong></span> <span class='ocrx_word' id='word_1_265' title='bbox 754 2511 785 2556; x_wconf 80' lang='grc'><strong>16</strong></span> <span class='ocrx_word' id='word_1_266' title='bbox 802 2508 861 2558; x_wconf 84' lang='lat' dir='ltr'><strong>Sero</strong></span> <span class='ocrx_word' id='word_1_267' title='bbox 875 2509 999 2572; x_wconf 69' lang='lat' dir='ltr'><strong>amo]</strong></span> <span class='ocrx_word' id='word_1_268' title='bbox 1017 2509 1128 2558; x_wconf 82' lang='lat' dir='ltr'><strong>Annibal</strong></span> <span class='ocrx_word' id='word_1_269' title='bbox 1141 2509 1250 2559; x_wconf 84' lang='lat' dir='ltr'><strong>Cartha-</strong></span> 
     </span>
     <span class='ocr_line' id='line_1_30' title="bbox 152 2584 1253 2649; baseline -0.003 -14"><span class='ocrx_word' id='word_1_270' title='bbox 152 2586 236 2649; x_wconf 86' lang='lat' dir='ltr'><strong>cipist</strong></span> <span class='ocrx_word' id='word_1_271' title='bbox 258 2600 305 2648; x_wconf 90' lang='lat' dir='ltr'><strong>pro</strong></span> <span class='ocrx_word' id='word_1_272' title='bbox 324 2585 497 2645; x_wconf 90' lang='lat' dir='ltr'><strong>Viridomaro,</strong></span> <span class='ocrx_word' id='word_1_273' title='bbox 516 2585 559 2649; x_wconf 85' lang='lat' dir='ltr'><strong>qui</strong></span> <span class='ocrx_word' id='word_1_274' title='bbox 577 2585 683 2635; x_wconf 78' lang='lat' dir='ltr'><strong>Lartem</strong></span> <span class='ocrx_word' id='word_1_275' title='bbox 721 2585 842 2647; x_wconf 84' lang='lat' dir='ltr'><strong>ginensis,</strong></span> <span class='ocrx_word' id='word_1_276' title='bbox 860 2586 945 2648; x_wconf 88' lang='lat' dir='ltr'><strong>patria</strong></span> <span class='ocrx_word' id='word_1_277' title='bbox 963 2586 1059 2648; x_wconf 87' lang='lat' dir='ltr'><strong>pulsus,</strong></span> <span class='ocrx_word' id='word_1_278' title='bbox 1076 2586 1103 2634; x_wconf 90' lang='lat' dir='ltr'><strong>iu</strong></span> <span class='ocrx_word' id='word_1_279' title='bbox 1121 2584 1253 2647; x_wconf 82' lang='lat' dir='ltr'><strong>Bithynis,</strong></span> 
     </span>
     <span class='ocr_line' id='line_1_31' title="bbox 151 2658 1252 2724; baseline -0.004 -14"><span class='ocrx_word' id='word_1_280' title='bbox 151 2661 264 2710; x_wconf 81' lang='lat' dir='ltr'><strong>atterum</strong></span> <span class='ocrx_word' id='word_1_281' title='bbox 277 2662 395 2710; x_wconf 90' lang='lat' dir='ltr'><strong>retulerit</strong></span> <span class='ocrx_word' id='word_1_282' title='bbox 407 2674 514 2724; x_wconf 89' lang='lat' dir='ltr'><strong>seseque</strong></span> <span class='ocrx_word' id='word_1_283' title='bbox 527 2662 646 2724; x_wconf 73' lang='lat' dir='ltr'><strong>gesserit,</strong></span> <span class='ocrx_word' id='word_1_284' title='bbox 657 2662 682 2710; x_wconf 91' lang='lat' dir='ltr'><strong>iu</strong></span> <span class='ocrx_word' id='word_1_285' title='bbox 721 2673 754 2708; x_wconf 88' lang='lat' dir='ltr'><strong>ne</strong></span> <span class='ocrx_word' id='word_1_286' title='bbox 773 2660 845 2708; x_wconf 86' lang='lat' dir='ltr'><strong>virus</strong></span> <span class='ocrx_word' id='word_1_287' title='bbox 858 2662 883 2708; x_wconf 92' lang='lat' dir='ltr'><strong>iu</strong></span> <span class='ocrx_word' id='word_1_288' title='bbox 895 2661 1066 2708; x_wconf 88' lang='lat' dir='ltr'><strong>Romanorum</strong></span> <span class='ocrx_word' id='word_1_289' title='bbox 1077 2673 1167 2707; x_wconf 88' lang='lat' dir='ltr'><strong>manus</strong></span> <span class='ocrx_word' id='word_1_290' title='bbox 1180 2658 1252 2707; x_wconf 84' lang='lat' dir='ltr'><strong>veni·</strong></span> 
     </span>
     <span class='ocr_line' id='line_1_32' title="bbox 152 2733 1252 2799; baseline -0.005 -13"><span class='ocrx_word' id='word_1_291' title='bbox 152 2751 185 2786; x_wconf 86' lang='lat' dir='ltr'><strong>eo</strong></span> <span class='ocrx_word' id='word_1_292' title='bbox 207 2737 341 2797; x_wconf 86' lang='lat' dir='ltr'><strong>videlicet,</strong></span> <span class='ocrx_word' id='word_1_293' title='bbox 364 2736 432 2799; x_wconf 88' lang='lat' dir='ltr'><strong>quod</strong></span> <span class='ocrx_word' id='word_1_294' title='bbox 454 2736 539 2798; x_wconf 81' lang='lat' dir='ltr'><strong>opime</strong></span> <span class='ocrx_word' id='word_1_295' title='bbox 560 2736 683 2798; x_wconf 75' lang='lat' dir='ltr'><strong>singulari</strong></span> <span class='ocrx_word' id='word_1_296' title='bbox 721 2744 772 2796; x_wconf 90' lang='lat' dir='ltr'><strong>ret,</strong></span> <span class='ocrx_word' id='word_1_297' title='bbox 796 2749 933 2796; x_wconf 83' lang='lat' dir='ltr'><strong>venenum,</strong></span> <span class='ocrx_word' id='word_1_298' title='bbox 956 2733 1025 2798; x_wconf 86' lang='lat' dir='ltr'><strong>qood</strong></span> <span class='ocrx_word' id='word_1_299' title='bbox 1044 2747 1131 2782; x_wconf 87' lang='lat' dir='ltr'><strong>secum</strong></span> <span class='ocrx_word' id='word_1_300' title='bbox 1150 2747 1252 2796; x_wconf 85' lang='lat' dir='ltr'><strong>semper</strong></span> 
     </span>
     <span class='ocr_line' id='line_1_33' title="bbox 152 2810 1251 2874; baseline -0.003 -13"><span class='ocrx_word' id='word_1_301' title='bbox 152 2811 296 2861; x_wconf 84' lang='lat' dir='ltr'><strong>certamine</strong></span> <span class='ocrx_word' id='word_1_302' title='bbox 315 2811 397 2874; x_wconf 81' lang='lat' dir='ltr'><strong>spolie</strong></span> <span class='ocrx_word' id='word_1_303' title='bbox 415 2818 442 2859; x_wconf 90' lang='lat' dir='ltr'><strong>et</strong></span> <span class='ocrx_word' id='word_1_304' title='bbox 461 2811 516 2872; x_wconf 87' lang='lat' dir='ltr'><strong>ipse</strong></span> <span class='ocrx_word' id='word_1_305' title='bbox 532 2810 594 2861; x_wconf 79' lang='lat' dir='ltr'><strong>tovi</strong></span> <span class='ocrx_word' id='word_1_306' title='bbox 611 2811 684 2861; x_wconf 89' lang='lat' dir='ltr'><strong>dedit</strong></span> <span class='ocrx_word' id='word_1_307' title='bbox 721 2815 816 2865; x_wconf 79' lang='lat' dir='ltr'><strong>habere</strong></span> <span class='ocrx_word' id='word_1_308' title='bbox 844 2819 1023 2874; x_wconf 76' lang='lat' dir='ltr'><strong>consueverat,</strong></span> <span class='ocrx_word' id='word_1_309' title='bbox 1049 2812 1159 2874; x_wconf 88' lang='lat' dir='ltr'><strong>sumpsit</strong></span> <span class='ocrx_word' id='word_1_310' title='bbox 1183 2825 1251 2859; x_wconf 88' lang='lat' dir='ltr'><strong>suno</strong></span> 
     </span>
     <span class='ocr_line' id='line_1_34' title="bbox 151 2885 1253 2951; baseline -0.003 -14"><span class='ocrx_word' id='word_1_311' title='bbox 151 2887 281 2937; x_wconf 77' lang='lat' dir='ltr'><strong>Feretrio.</strong></span> <span class='ocrx_word' id='word_1_312' title='bbox 305 2887 393 2935; x_wconf 67' lang='lat' dir='ltr'><strong>Poetae</strong></span> <span class='ocrx_word' id='word_1_313' title='bbox 407 2885 531 2950; x_wconf 87' lang='lat' dir='ltr'><strong>siquidem</strong></span> <span class='ocrx_word' id='word_1_314' title='bbox 544 2900 685 2934; x_wconf 82' lang='lat' dir='ltr'><strong>consuere·</strong></span> <span class='ocrx_word' id='word_1_315' title='bbox 722 2891 808 2939; x_wconf 76' lang='lat' dir='ltr'><strong>mustis</strong></span> <span class='ocrx_word' id='word_1_316' title='bbox 820 2888 1022 2951; x_wconf 87' lang='lat' dir='ltr'><strong>septuagesimo,</strong></span> <span class='ocrx_word' id='word_1_317' title='bbox 1032 2894 1062 2935; x_wconf 91' lang='lat' dir='ltr'><strong>ut</strong></span> <span class='ocrx_word' id='word_1_318' title='bbox 1073 2885 1163 2935; x_wconf 86' lang='lat' dir='ltr'><strong>scribit</strong></span> <span class='ocrx_word' id='word_1_319' title='bbox 1174 2887 1253 2935; x_wconf 78' lang='lat' dir='ltr'><strong>AEmi-</strong></span> 
     </span>
     <span class='ocr_line' id='line_1_35' title="bbox 153 2962 981 3023; baseline 0.002 -13"><span class='ocrx_word' id='word_1_320' title='bbox 153 2971 216 3011; x_wconf 89' lang='lat' dir='ltr'><strong>ruut</strong></span> <span class='ocrx_word' id='word_1_321' title='bbox 228 2976 320 3011; x_wconf 87' lang='lat' dir='ltr'><strong>nomen</strong></span> <span class='ocrx_word' id='word_1_322' title='bbox 332 2977 365 3011; x_wconf 87' lang='lat' dir='ltr'><strong>ex</strong></span> <span class='ocrx_word' id='word_1_323' title='bbox 376 2962 461 3010; x_wconf 86' lang='lat' dir='ltr'><strong>viciuo</strong></span> <span class='ocrx_word' id='word_1_324' title='bbox 471 2974 583 3023; x_wconf 88' lang='lat' dir='ltr'><strong>sumere,</strong></span> <span class='ocrx_word' id='word_1_325' title='bbox 592 2967 645 3009; x_wconf 90' lang='lat' dir='ltr'><strong>turn</strong></span> <span class='ocrx_word' id='word_1_326' title='bbox 657 2968 684 3011; x_wconf 86' lang='lat' dir='ltr'><strong>et</strong></span> <span class='ocrx_word' id='word_1_327' title='bbox 722 2965 770 3013; x_wconf 88' lang='lat' dir='ltr'><strong>lios</strong></span> <span class='ocrx_word' id='word_1_328' title='bbox 781 2965 889 3013; x_wconf 87' lang='lat' dir='ltr'><strong>Probus.</strong></span> <span class='ocrx_word' id='word_1_329' title='bbox 907 2963 981 3012; x_wconf 80' lang='lat' dir='ltr'><strong>Idem.</strong></span> 
     </span>
     <span class='ocr_line' id='line_1_36' title="bbox 151 3034 1252 3102; baseline -0.003 -16"><span class='ocrx_word' id='word_1_330' title='bbox 151 3037 266 3099; x_wconf 85' lang='lat' dir='ltr'><strong>fabulas,</strong></span> <span class='ocrx_word' id='word_1_331' title='bbox 278 3039 448 3102; x_wconf 83' lang='lat' dir='ltr'><strong>historiasque</strong></span> <span class='ocrx_word' id='word_1_332' title='bbox 459 3037 625 3085; x_wconf 74' lang='lat' dir='ltr'><strong>miscereznt</strong></span> <span class='ocrx_word' id='word_1_333' title='bbox 637 3051 685 3100; x_wconf 87' lang='lat' dir='ltr'><strong>pro</strong></span> <span class='ocrx_word' id='word_1_334' title='bbox 755 3043 786 3088; x_wconf 77' lang='lat'><strong>17</strong></span> <span class='ocrx_word' id='word_1_335' title='bbox 811 3039 860 3087; x_wconf 81' lang='lat' dir='ltr'><strong>Res</strong></span> <span class='ocrx_word' id='word_1_336' title='bbox 881 3035 960 3098; x_wconf 76' lang='lat' dir='ltr'><strong>Asia]</strong></span> <span class='ocrx_word' id='word_1_337' title='bbox 989 3035 1114 3098; x_wconf 85' lang='lat' dir='ltr'><strong>Virgilius</strong></span> <span class='ocrx_word' id='word_1_338' title='bbox 1145 3034 1252 3084; x_wconf 85' lang='lat' dir='ltr'><strong>tertium</strong></span> 
     </span>
     <span class='ocr_line' id='line_1_37' title="bbox 152 3110 1252 3178; baseline -0.005 -14"><span class='ocrx_word' id='word_1_339' title='bbox 152 3115 285 3178; x_wconf 80' lang='lat' dir='ltr'><strong>Angusto,</strong></span> <span class='ocrx_word' id='word_1_340' title='bbox 312 3115 458 3173; x_wconf 83' lang='lat' dir='ltr'><strong>Quirinum,</strong></span> <span class='ocrx_word' id='word_1_341' title='bbox 480 3127 528 3175; x_wconf 88' lang='lat' dir='ltr'><strong>pro</strong></span> <span class='ocrx_word' id='word_1_342' title='bbox 552 3112 686 3175; x_wconf 85' lang='lat' dir='ltr'><strong>Dardano,</strong></span> <span class='ocrx_word' id='word_1_343' title='bbox 722 3113 843 3164; x_wconf 84' lang='lat' dir='ltr'><strong>AEneidos</strong></span> <span class='ocrx_word' id='word_1_344' title='bbox 863 3127 991 3162; x_wconf 82' lang='lat' dir='ltr'><strong>exorsus:</strong></span> <span class='ocrx_word' id='word_1_345' title='bbox 1020 3110 1183 3174; x_wconf 82' lang='lat' dir='ltr'><strong>‘Postquam</strong></span> <span class='ocrx_word' id='word_1_346' title='bbox 1211 3124 1252 3159; x_wconf 88' lang='lat' dir='ltr'><strong>res</strong></span> 
     </span>
     <span class='ocr_line' id='line_1_38' title="bbox 152 3188 1251 3254; baseline -0.005 -14"><span class='ocrx_word' id='word_1_347' title='bbox 152 3191 294 3252; x_wconf 88' lang='lat' dir='ltr'><strong>Teucrum,</strong></span> <span class='ocrx_word' id='word_1_348' title='bbox 311 3188 567 3254; x_wconf 84' lang='lat' dir='ltr'><strong>proAmplrimacho,</strong></span> <span class='ocrx_word' id='word_1_349' title='bbox 584 3189 684 3239; x_wconf 82' lang='lat' dir='ltr'><strong>Autito·</strong></span> <span class='ocrx_word' id='word_1_350' title='bbox 722 3190 803 3250; x_wconf 67' lang='lat' dir='ltr'><strong>Asiae,</strong></span> <span class='ocrx_word' id='word_1_351' title='bbox 826 3188 976 3251; x_wconf 83' lang='lat' dir='ltr'><strong>Priamique</strong></span> <span class='ocrx_word' id='word_1_352' title='bbox 1001 3193 1121 3236; x_wconf 81' lang='lat' dir='ltr'><strong>evertere</strong></span> <span class='ocrx_word' id='word_1_353' title='bbox 1148 3194 1251 3249; x_wconf 88' lang='lat' dir='ltr'><strong>gentem</strong></span> 
     </span>
     <span class='ocr_line' id='line_1_39' title="bbox 152 3262 1252 3329; baseline -0.004 -14"><span class='ocrx_word' id='word_1_354' title='bbox 152 3267 231 3315; x_wconf 87' lang='lat' dir='ltr'><strong>cltum</strong></span> <span class='ocrx_word' id='word_1_355' title='bbox 241 3274 350 3329; x_wconf 88' lang='lat' dir='ltr'><strong>portant.</strong></span> <span class='ocrx_word' id='word_1_356' title='bbox 367 3265 504 3314; x_wconf 74' lang='lat' dir='ltr'><strong>decursim.</strong></span> <span class='ocrx_word' id='word_1_357' title='bbox 722 3264 882 3315; x_wconf 89' lang='lat' dir='ltr'><strong>Immeritam</strong></span> <span class='ocrx_word' id='word_1_358' title='bbox 895 3264 976 3314; x_wconf 83' lang='lat' dir='ltr'><strong>risum</strong></span> <span class='ocrx_word' id='word_1_359' title='bbox 988 3262 1106 3326; x_wconf 81' lang='lat' dir='ltr'><strong>superia&#39;</strong></span> <span class='ocrx_word' id='word_1_360' title='bbox 1133 3263 1252 3322; x_wconf 75' lang='lat' dir='ltr'><strong>Pinhor,</strong></span> 
     </span>
     <span class='ocr_line' id='line_1_40' title="bbox 189 3337 1252 3407; baseline 0.002 -19"><span class='ocrx_word' id='word_1_361' title='bbox 189 3342 271 3390; x_wconf 83' lang='lat' dir='ltr'><strong>Tertio</strong></span> <span class='ocrx_word' id='word_1_362' title='bbox 282 3341 370 3403; x_wconf 70' lang='grc' dir='ltr'><strong>ορῆηυι]</strong></span> <span class='ocrx_word' id='word_1_363' title='bbox 386 3342 500 3404; x_wconf 83' lang='lat' dir='ltr'><strong>‘Opima</strong></span> <span class='ocrx_word' id='word_1_364' title='bbox 511 3337 610 3402; x_wconf 85' lang='lat' dir='ltr'><strong>spolia,&#39;</strong></span> <span class='ocrx_word' id='word_1_365' title='bbox 626 3352 684 3402; x_wconf 82' lang='lat' dir='ltr'><strong>qute</strong></span> <span class='ocrx_word' id='word_1_366' title='bbox 722 3347 731 3374; x_wconf 83' lang='lat'><em>⁴</em></span> <span class='ocrx_word' id='word_1_367' title='bbox 743 3346 794 3393; x_wconf 87' lang='lat' dir='ltr'><strong>Res</strong></span> <span class='ocrx_word' id='word_1_368' title='bbox 806 3343 876 3393; x_wconf 69' lang='lat' dir='ltr'><strong>Asiae</strong></span> <span class='ocrx_word' id='word_1_369' title='bbox 888 3350 998 3407; x_wconf 82' lang='lat' dir='ltr'><strong>quantas</strong></span> <span class='ocrx_word' id='word_1_370' title='bbox 1013 3342 1065 3391; x_wconf 90' lang='lat' dir='ltr'><strong>leto</strong></span> <span class='ocrx_word' id='word_1_371' title='bbox 1081 3341 1153 3390; x_wconf 87' lang='lat' dir='ltr'><strong>dedit</strong></span> <span class='ocrx_word' id='word_1_372' title='bbox 1164 3341 1252 3390; x_wconf 90' lang='lat' dir='ltr'><strong>imme-</strong></span> 
     </span>
     <span class='ocr_line' id='line_1_41' title="bbox 153 3415 1252 3482; baseline 0.001 -17"><span class='ocrx_word' id='word_1_373' title='bbox 153 3418 206 3468; x_wconf 80' lang='lat' dir='ltr'><strong>dnx</strong></span> <span class='ocrx_word' id='word_1_374' title='bbox 227 3420 316 3482; x_wconf 89' lang='lat' dir='ltr'><strong>populi</strong></span> <span class='ocrx_word' id='word_1_375' title='bbox 329 3415 436 3467; x_wconf 80' lang='lat' dir='ltr'><strong>Romani</strong></span> <span class='ocrx_word' id='word_1_376' title='bbox 447 3417 508 3466; x_wconf 91' lang='lat' dir='ltr'><strong>duci</strong></span> <span class='ocrx_word' id='word_1_377' title='bbox 520 3417 631 3466; x_wconf 85' lang='lat' dir='ltr'><strong>lrostiunt</strong></span> <span class='ocrx_word' id='word_1_378' title='bbox 640 3415 685 3465; x_wconf 85' lang='lat' dir='ltr'><strong>de·</strong></span> <span class='ocrx_word' id='word_1_379' title='bbox 724 3422 787 3470; x_wconf 82' lang='lat' dir='ltr'><strong>ritus</strong></span> <span class='ocrx_word' id='word_1_380' title='bbox 815 3420 904 3481; x_wconf 80' lang='lat' dir='ltr'><strong>fraus,&#39;</strong></span> <span class='ocrx_word' id='word_1_381' title='bbox 926 3417 1038 3469; x_wconf 81' lang='lat' dir='ltr'><strong>habebat</strong></span> <span class='ocrx_word' id='word_1_382' title='bbox 1058 3424 1133 3467; x_wconf 82' lang='lat' dir='ltr'><strong>vetus</strong></span> <span class='ocrx_word' id='word_1_383' title='bbox 1152 3417 1252 3466; x_wconf 82' lang='lat' dir='ltr'><strong>codex:</strong></span> 
     </span>
     <span class='ocr_line' id='line_1_42' title="bbox 153 3492 1253 3556; baseline -0.005 -12"><span class='ocrx_word' id='word_1_384' title='bbox 153 3495 256 3545; x_wconf 83' lang='lat' dir='ltr'><strong>traxit:</strong></span> <span class='ocrx_word' id='word_1_385' title='bbox 285 3502 312 3543; x_wconf 91' lang='lat' dir='ltr'><strong>ut</strong></span> <span class='ocrx_word' id='word_1_386' title='bbox 335 3493 426 3543; x_wconf 84' lang='lat' dir='ltr'><strong>definit</strong></span> <span class='ocrx_word' id='word_1_387' title='bbox 448 3493 550 3541; x_wconf 78' lang='lat' dir='ltr'><strong>Festos.</strong></span> <span class='ocrx_word' id='word_1_388' title='bbox 577 3505 686 3555; x_wconf 87' lang='lat' dir='ltr'><strong>quorum</strong></span> <span class='ocrx_word' id='word_1_389' title='bbox 724 3496 952 3556; x_wconf 66' lang='lat' dir='ltr'><strong>Fallaceafigures.</strong></span> <span class='ocrx_word' id='word_1_390' title='bbox 988 3492 1253 3555; x_wconf 71' lang='lat' dir='ltr'><strong>Nullositasiupretio</strong></span> 
     </span>
     <span class='ocr_line' id='line_1_43' title="bbox 154 3566 1254 3632; baseline -0.005 -13"><span class='ocrx_word' id='word_1_391' title='bbox 154 3571 240 3632; x_wconf 82' lang='lat' dir='ltr'><strong>prima</strong></span> <span class='ocrx_word' id='word_1_392' title='bbox 259 3567 367 3617; x_wconf 85' lang='lat' dir='ltr'><strong>t&#39;uerunt</strong></span> <span class='ocrx_word' id='word_1_393' title='bbox 387 3569 491 3616; x_wconf 84' lang='lat' dir='ltr'><strong>Romuli</strong></span> <span class='ocrx_word' id='word_1_394' title='bbox 510 3567 578 3630; x_wconf 83' lang='lat' dir='ltr'><strong>regie</strong></span> <span class='ocrx_word' id='word_1_395' title='bbox 597 3568 629 3615; x_wconf 90' lang='lat' dir='ltr'><strong>de</strong></span> <span class='ocrx_word' id='word_1_396' title='bbox 649 3566 685 3615; x_wconf 78' lang='lat' dir='ltr'><strong>A·</strong></span> <span class='ocrx_word' id='word_1_397' title='bbox 725 3573 783 3621; x_wconf 78' lang='lat' dir='ltr'><strong>Cur.</strong></span> <span class='ocrx_word' id='word_1_398' title='bbox 805 3571 848 3620; x_wconf 83' lang='lat' dir='ltr'><strong>Sic</strong></span> <span class='ocrx_word' id='word_1_399' title='bbox 861 3571 978 3632; x_wconf 84' lang='lat' dir='ltr'><strong>Ligures,</strong></span> <span class='ocrx_word' id='word_1_400' title='bbox 989 3582 1096 3632; x_wconf 87' lang='lat' dir='ltr'><strong>quorum</strong></span> <span class='ocrx_word' id='word_1_401' title='bbox 1106 3566 1254 3628; x_wconf 88' lang='lat' dir='ltr'><strong>metropolis</strong></span> 
     </span>
     <span class='ocr_line' id='line_1_44' title="bbox 153 3640 1253 3708; baseline -0.005 -13"><span class='ocrx_word' id='word_1_402' title='bbox 153 3659 233 3695; x_wconf 91' lang='lat' dir='ltr'><strong>crone</strong></span> <span class='ocrx_word' id='word_1_403' title='bbox 258 3657 320 3705; x_wconf 87' lang='lat' dir='ltr'><strong>rege</strong></span> <span class='ocrx_word' id='word_1_404' title='bbox 337 3644 546 3693; x_wconf 79' lang='lat' dir='ltr'><strong>caerunemtum:</strong></span> <span class='ocrx_word' id='word_1_405' title='bbox 572 3641 687 3691; x_wconf 81' lang='lat' dir='ltr'><strong>secunda</strong></span> <span class='ocrx_word' id='word_1_406' title='bbox 724 3645 826 3708; x_wconf 77' lang='lat' dir='ltr'><strong>(lanua,</strong></span> <span class='ocrx_word' id='word_1_407' title='bbox 842 3643 982 3694; x_wconf 75' lang='lat' dir='ltr'><strong>‘fallaces’</strong></span> <span class='ocrx_word' id='word_1_408' title='bbox 1002 3643 1105 3692; x_wconf 75' lang='lat' dir='ltr'><strong>dixerut</strong></span> <span class='ocrx_word' id='word_1_409' title='bbox 1126 3640 1253 3704; x_wconf 81' lang='lat' dir='ltr'><strong>Virgilius</strong></span> 
     </span>
     <span class='ocr_line' id='line_1_45' title="bbox 154 3718 1254 3781; baseline -0.003 -13"><span class='ocrx_word' id='word_1_410' title='bbox 154 3719 270 3770; x_wconf 87' lang='lat' dir='ltr'><strong>Cornelii</strong></span> <span class='ocrx_word' id='word_1_411' title='bbox 283 3719 357 3768; x_wconf 87' lang='lat' dir='ltr'><strong>Cossi</strong></span> <span class='ocrx_word' id='word_1_412' title='bbox 368 3720 465 3768; x_wconf 79' lang='lat' dir='ltr'><strong>tribuni</strong></span> <span class='ocrx_word' id='word_1_413' title='bbox 478 3719 585 3767; x_wconf 89' lang='lat' dir='ltr'><strong>militum</strong></span> <span class='ocrx_word' id='word_1_414' title='bbox 595 3718 686 3766; x_wconf 88' lang='lat' dir='ltr'><strong>deTo·</strong></span> <span class='ocrx_word' id='word_1_415' title='bbox 724 3722 860 3771; x_wconf 88' lang='lat' dir='ltr'><strong>undecimo</strong></span> <span class='ocrx_word' id='word_1_416' title='bbox 872 3720 1003 3781; x_wconf 83' lang='lat' dir='ltr'><strong>AEueidos,</strong></span> <span class='ocrx_word' id='word_1_417' title='bbox 1021 3728 1048 3770; x_wconf 85' lang='lat' dir='ltr'><strong>et</strong></span> <span class='ocrx_word' id='word_1_418' title='bbox 1063 3719 1167 3768; x_wconf 82' lang='lat' dir='ltr'><strong>Marcus</strong></span> <span class='ocrx_word' id='word_1_419' title='bbox 1188 3718 1254 3766; x_wconf 82' lang='lat' dir='ltr'><strong>Cato</strong></span> 
     </span>
     <span class='ocr_line' id='line_1_46' title="bbox 154 3791 1254 3859; baseline -0.005 -15"><span class='ocrx_word' id='word_1_420' title='bbox 154 3797 252 3845; x_wconf 73' lang='lat' dir='ltr'><strong>inuenio</strong></span> <span class='ocrx_word' id='word_1_421' title='bbox 261 3796 410 3845; x_wconf 83' lang='lat' dir='ltr'><strong>Veientium</strong></span> <span class='ocrx_word' id='word_1_422' title='bbox 423 3810 499 3859; x_wconf 70' lang='lat' dir='ltr'><strong>reget</strong></span> <span class='ocrx_word' id='word_1_423' title='bbox 522 3797 600 3845; x_wconf 88' lang='lat' dir='ltr'><strong>tertia</strong></span> <span class='ocrx_word' id='word_1_424' title='bbox 615 3797 687 3844; x_wconf 88' lang='lat' dir='ltr'><strong>Mar·</strong></span> <span class='ocrx_word' id='word_1_425' title='bbox 724 3797 981 3858; x_wconf 85' lang='lat' dir='ltr'><strong>recundooriginum.</strong></span> <span class='ocrx_word' id='word_1_426' title='bbox 1005 3791 1254 3852; x_wconf 62' lang='lat' dir='ltr'><strong>Decuribusatsie</strong></span> 
     </span>
     <span class='ocr_line' id='line_1_47' title="bbox 153 3868 1253 3936; baseline -0.009 -14"><span class='ocrx_word' id='word_1_427' title='bbox 153 3874 178 3922; x_wconf 91' lang='lat' dir='ltr'><strong>ci</strong></span> <span class='ocrx_word' id='word_1_428' title='bbox 197 3873 316 3923; x_wconf 81' lang='lat' dir='ltr'><strong>Marcelli</strong></span> <span class='ocrx_word' id='word_1_429' title='bbox 342 3872 460 3922; x_wconf 86' lang='lat' dir='ltr'><strong>Consulis</strong></span> <span class='ocrx_word' id='word_1_430' title='bbox 479 3871 511 3921; x_wconf 90' lang='lat' dir='ltr'><strong>de</strong></span> <span class='ocrx_word' id='word_1_431' title='bbox 523 3872 686 3920; x_wconf 86' lang='lat' dir='ltr'><strong>Viridomaro</strong></span> <span class='ocrx_word' id='word_1_432' title='bbox 726 3873 912 3936; x_wconf 81' lang='lat' dir='ltr'><strong>prouincieest</strong></span> <span class='ocrx_word' id='word_1_433' title='bbox 931 3868 1020 3933; x_wconf 85' lang='lat' dir='ltr'><strong>Caria)</strong></span> <span class='ocrx_word' id='word_1_434' title='bbox 1043 3871 1101 3932; x_wconf 87' lang='lat' dir='ltr'><strong>lege</strong></span> <span class='ocrx_word' id='word_1_435' title='bbox 1122 3871 1253 3917; x_wconf 73' lang='lat' dir='ltr'><strong>Erasmum</strong></span> 
     </span>
     <span class='ocr_line' id='line_1_48' title="bbox 154 3936 1254 4012; baseline -0.011 -14"><span class='ocrx_word' id='word_1_436' title='bbox 154 3949 222 3998; x_wconf 88' lang='lat' dir='ltr'><strong>duce</strong></span> <span class='ocrx_word' id='word_1_437' title='bbox 234 3949 386 3998; x_wconf 83' lang='lat' dir='ltr'><strong>Gallorum:</strong></span> <span class='ocrx_word' id='word_1_438' title='bbox 405 3949 611 4012; x_wconf 84' lang='lat' dir='ltr'><strong>quem‘Lartem</strong></span> <span class='ocrx_word' id='word_1_439' title='bbox 622 3947 687 3997; x_wconf 84' lang='lat' dir='ltr'><strong>Are·</strong></span> <span class='ocrx_word' id='word_1_440' title='bbox 725 3950 752 3998; x_wconf 91' lang='lat' dir='ltr'><strong>in</strong></span> <span class='ocrx_word' id='word_1_441' title='bbox 780 3948 894 4011; x_wconf 83' lang='lat' dir='ltr'><strong>adogio:</strong></span> <span class='ocrx_word' id='word_1_442' title='bbox 921 3945 974 3993; x_wconf 86' lang='lat' dir='ltr'><strong>‘ln</strong></span> <span class='ocrx_word' id='word_1_443' title='bbox 1002 3946 1068 3992; x_wconf 81' lang='lat' dir='ltr'><strong>Cere</strong></span> <span class='ocrx_word' id='word_1_444' title='bbox 1094 3936 1254 4006; x_wconf 88' lang='lat' dir='ltr'><strong>periculum.’</strong></span> 
     </span>
     <span class='ocr_line' id='line_1_49' title="bbox 155 4022 803 4086; baseline -0.002 -14"><span class='ocrx_word' id='word_1_445' title='bbox 155 4023 296 4073; x_wconf 86' lang='lat' dir='ltr'><strong>moricum’</strong></span> <span class='ocrx_word' id='word_1_446' title='bbox 315 4023 445 4073; x_wconf 83' lang='lat' dir='ltr'><strong>Ausonius</strong></span> <span class='ocrx_word' id='word_1_447' title='bbox 466 4024 590 4086; x_wconf 85' lang='lat' dir='ltr'><strong>appellat.</strong></span> <span class='ocrx_word' id='word_1_448' title='bbox 624 4022 688 4072; x_wconf 76' lang='lat' dir='ltr'><strong>Are·</strong></span> <span class='ocrx_word' id='word_1_449' title='bbox 726 4023 803 4072; x_wconf 80' lang='lat' dir='ltr'><strong>ideas.</strong></span> 
     </span>
    </p>
   </div>
   <div class='ocr_carea' id='block_1_3' title="bbox 154 4087 1255 4239">
    <p class='ocr_par' dir='ltr' id='par_1_3' title="bbox 154 4087 1255 4239">
     <span class='ocr_line' id='line_1_50' title="bbox 154 4087 1254 4163; baseline -0.01 -15"><span class='ocrx_word' id='word_1_450' title='bbox 154 4100 280 4148; x_wconf 83' lang='lat' dir='ltr'><strong>moricum</strong></span> <span class='ocrx_word' id='word_1_451' title='bbox 302 4100 417 4163; x_wconf 90' lang='lat' dir='ltr'><strong>quidem,</strong></span> <span class='ocrx_word' id='word_1_452' title='bbox 444 4099 469 4148; x_wconf 90' lang='lat' dir='ltr'><strong>id</strong></span> <span class='ocrx_word' id='word_1_453' title='bbox 492 4107 543 4159; x_wconf 89' lang='lat' dir='ltr'><strong>est,</strong></span> <span class='ocrx_word' id='word_1_454' title='bbox 564 4099 685 4148; x_wconf 84' lang='lat' dir='ltr'><strong>Gallum:</strong></span> <span class='ocrx_word' id='word_1_455' title='bbox 758 4101 790 4146; x_wconf 79' lang='lat' dir='ltr'><strong>te</strong></span> <span class='ocrx_word' id='word_1_456' title='bbox 821 4095 915 4157; x_wconf 77' lang='lat' dir='ltr'><strong>Ultrix]</strong></span> <span class='ocrx_word' id='word_1_457' title='bbox 950 4089 1078 4154; x_wconf 83' lang='lat' dir='ltr'><strong>Nauplius</strong></span> <span class='ocrx_word' id='word_1_458' title='bbox 1106 4087 1254 4137; x_wconf 87' lang='lat' dir='ltr'><strong>Palamedis</strong></span> 
     </span>
     <span class='ocr_line' id='line_1_51' title="bbox 155 4162 1255 4239; baseline -0.013 -13"><span class='ocrx_word' id='word_1_459' title='bbox 155 4175 217 4239; x_wconf 74' lang='lat' dir='ltr'><strong>quis</strong></span> <span class='ocrx_word' id='word_1_460' title='bbox 242 4174 388 4225; x_wconf 85' lang='lat' dir='ltr'><strong>Aremorici</strong></span> <span class='ocrx_word' id='word_1_461' title='bbox 418 4189 480 4238; x_wconf 83' lang='lat' dir='ltr'><strong>gens</strong></span> <span class='ocrx_word' id='word_1_462' title='bbox 507 4174 600 4224; x_wconf 76' lang='lat' dir='ltr'><strong>Gallie</strong></span> <span class='ocrx_word' id='word_1_463' title='bbox 626 4172 687 4223; x_wconf 84' lang='lat' dir='ltr'><strong>fuit.</strong></span> <span class='ocrx_word' id='word_1_464' title='bbox 725 4177 809 4236; x_wconf 83' lang='lat' dir='ltr'><strong>pater,</strong></span> <span class='ocrx_word' id='word_1_465' title='bbox 822 4184 901 4235; x_wconf 88' lang='lat' dir='ltr'><strong>quum</strong></span> <span class='ocrx_word' id='word_1_466' title='bbox 912 4169 961 4219; x_wconf 88' lang='lat' dir='ltr'><strong>llio</strong></span> <span class='ocrx_word' id='word_1_467' title='bbox 974 4168 1136 4216; x_wconf 75' lang='lat' dir='ltr'><strong>revertentes</strong></span> <span class='ocrx_word' id='word_1_468' title='bbox 1147 4162 1255 4212; x_wconf 69' lang='lat' dir='ltr'><strong>Grecos</strong></span> 
     </span>
    </p>
   </div>
   <div class='ocr_carea' id='block_1_4' title="bbox 0 0 1408 4764">
    <p class='ocr_par' dir='ltr' id='par_1_4' title="bbox 0 0 1408 4764">
     <span class='ocr_line' id='line_1_52' title="bbox 0 0 1408 4764; baseline 0 0"><span class='ocrx_word' id='word_1_469' title='bbox 0 0 1408 4764; x_wconf 95' lang='lat' dir='ltr'><strong> </strong></span> 
     </span>
    </p>
   </div>
  </div>
 </body>
</html>
