2804 4764
520 333 677 383 susoutr
703 335 885 386 sussum.
1166 323 1253 390 120³

153 475 224 528 rso.
252 474 285 524 de
309 475 461 526 Gallinaceo
480 482 509 525 et
530 478 684 540 margarite:
724 487 855 542 potestate
868 481 1084 536 literarumt‘slss.
1117 488 1253 555 Numquis

150 555 162 582 ⁸
175 554 234 616 ligo
247 554 290 618 qui
310 560 336 601 te
349 554 444 611 iuveni,
455 554 542 617 potior
552 556 593 604 cui
605 557 686 605 mutto
722 560 750 604 't'
759 570 816 605 cum
833 561 855 605 0
871 561 1031 622 compererit
1046 565 1186 628 umquem?
1208 564 1255 613 uri·

152 637 198 680 est
207 629 289 690 cibus,
300 628 358 678 Nec
367 630 412 679 tibi
424 631 555 692 prodente,
564 644 613 680 nee
623 631 685 680 mibi
724 638 801 695 grant
818 633 957 695 interdum,
974 637 1037 699 scio,
1054 639 1137 688 alters
1150 640 1175 689 iu
1188 641 1252 690 aite-

153 706 298 772 qaidqoum
309 705 403 770 potes!
415 707 483 770 iege,
491 709 552 770 quod
563 712 586 756 te
596 707 647 757 inu.
659 714 687 757 et
724 721 796 757 ram:
818 708 864 757 sed
880 723 930 759 uou
942 711 991 760 boc
1003 713 1122 774 evicerit,
1133 715 1252 778 ejusdem

150 787 242 848 potest.
724 784 845 835 esssoui.
879 784 1056 848 Lugdunensis
1071 789 1254 853 cudesbubeu

120 852 138 871 ‘
191 859 243 907 No.
276 862 333 907 348.
374 863 386 907 1
415 858 475 908 Dsoe
508 858 686 921 elementorum]
723 865 746 909 o
770 862 830 924 quod
849 866 873 911 et
887 874 937 926 σοι.
958 877 991 912 ex
1015 877 1068 929 quo
1085 865 1211 931 Scaliger,
1232 872 1254 917 u

153 934 225 987 nec
238 942 267 984 ut
278 940 363 996 eruut,
375 949 427 1000 quo
443 936 510 997 ioco,
522 942 549 985 et
561 936 648 996 titulo,
659 936 687 984 iu
724 939 784 999 qnod
805 945 829 987 et
848 957 883 988 ου.
900 953 942 988 nne
963 949 1049 990 tanuen
1066 942 1136 992 lente
1158 952 1252 1007 appro-

154 1011 325 1074 Lngduueusi
335 1012 411 1074 libro,
427 1012 463 1060 ita
474 1011 574 1061 edenda
588 1012 687 1060 censui·
725 1013 813 1063 baute.
824 1029 875 1064 uon
887 1017 956 1065 euim
968 1030 1057 1067 uerum
1070 1016 1147 1082 piune
1163 1019 1187 1068 0
1209 1018 1255 1069 bu·

153 1100 222 1138 nos.
250 1085 317 1136 Sunt
328 1093 415 1136 autem
427 1088 570 1136 litterarum
583 1085 687 1136 Latina·
725 1091 790 1139 tiano
811 1092 907 1155 vetere,
934 1093 1003 1156 quod
1027 1110 1055 1143 oo
1081 1092 1252 1144 Heliauicuut.

153 1176 213 1214 rum
232 1163 336 1213 uomina
352 1163 530 1226 Mouosytlabs
546 1171 651 1225 cnucts,
661 1169 688 1211 st
724 1166 825 1230 Malim,
841 1171 936 1232 pandet
955 1175 976 1219 ο
993 1170 1254 1236 Graeeamrquouinm

153 1241 311 1293 fflaeeormu
332 1254 392 1303 pars
415 1248 529 1289 tantum:
546 1254 579 1288 ex
596 1238 688 1302 quibus
725 1257 756 1292 ea
767 1244 1255 1296 coustsusflrsmrnstieoruruveterum

153 1317 369 1380 Monosyilsbicis
375 1316 591 1380 appellationibus
601 1328 687 1365 versus
724 1318 816 1377 dictio,
827 1320 851 1369 0
864 1329 979 1371 nostrum
995 1324 1158 1387 aeqttipararc
1169 1321 1256 1382 dutrii·

152 1393 187 1443 bi
196 1393 289 1456 viginti
299 1399 398 1454 septem
410 1390 498 1442 effecti
509 1390 624 1442 fuerunt.
646 1392 688 1441 Vi·
725 1397 749 1445 ci
762 1398 914 1447 Graecorum
926 1412 1017 1462 megno
1025 1407 1053 1448 et
1064 1400 1171 1449 minuto.
1189 1399 1254 1448 Ver-

153 1474 235 1519 ·tlttt·
725 1490 768 1526 sus
780 1486 880 1528 tautum
892 1479 1040 1530 Tererrtiaui
1051 1481 1140 1530 Masuri
1152 1479 1255 1533 firmau-

192 1549 272 1593 ΗΜ
288 1546 347 1607 Μ
364 1542 497 1606 AEdfflm]
520 1544 596 1593 M⁰¹¹⁵
614 1543 688 1608 h⁰j¹³⁸
726 1555 766 1605 de
777 1556 857 1605 totius
869 1557 906 1605 rei
921 1556 1013 1605 aritium
1029 1557 1122 1607 hosce:
1142 1557 1182 1606 ‘n
1198 1571 1254 1620 gro·

155 1620 298 1682 θίῆῑῐῑῦῑδι
326 1621 350 1669 Ε
376 1622 496 1670 [catinum
525 1622 688 1685 “tuipflfflre
721 1631 847 1694 jugeuum
864 1632 965 1695 longior
987 1632 1069 1682 siters
1090 1642 1131 1682 cst
1152 1630 1254 1696 figura:

147 1701 483 1751 'fleactBGroeceuicum
509 1701 687 1750 Et'l'ereutis·
727 1708 802 1756 Alter
818 1721 897 1755 sonu,
916 1715 944 1757 et
963 1716 1026 1758 not.
1044 1717 1188 1772 temporum
1210 1709 1255 1757 mi.

155 1780 331 1842 uusMnurus,
341 1783 349 1809 ‘
360 1781 459 1828 literam
473 1779 688 1843 uumquetvide·
726 1783 789 1833 nori.
823 1782 981 1845 compendia
992 1783 1074 1833 nostri
1087 1784 1192 1832 uretiors
1201 1797 1256 1832 cre-

155 1870 218 1908 mus
228 1871 286 1906 esse
304 1857 336 1906 ud
347 1853 413 1904 Ἦτιι
427 1855 588 1919 proximum!
611 1855 688 1905 Adde
726 1857 847 1906 dideruut
856 1858 952 1908 :...Uus
962 1859 1082 1922 quonism
1093 1865 1133 1907 sut
1141 1858 1256 1907 habitum

155 1932 309 1995 Capellam:
326 1933 475 1981 ‘Erocniis
494 1932 602 1981 durarum
614 1932 688 1981 Gre-
726 1945 765 1983 est
790 1941 881 1983 notare
903 1932 996 1993 fornia,
1016 1933 1070 1982 Pro
1094 1933 1256 1995 temporibus

155 2009 445 2072 carumsimpussidet.
474 2009 542 2058 Num
558 2023 616 2059 cum
632 2023 688 2057 cur·
727 2024 784 2074 quae
796 2009 923 2072 geminum
934 2008 1065 2058 ministret
1077 2008 1169 2057 usum!
1189 2008 1256 2072 [λιιι.

155 2085 254 2150 ripitur
275 2090 293 2133 ε
317 2085 441 2135 Graecum
464 2093 513 2146 est,
536 2094 565 2134 ut
585 2086 625 2134 Ab
646 2085 688 2134 bne
759 2090 774 2135 7
792 2085 851 2134 lota
861 2085 958 2147 similis]
969 2085 1034 2137 Quis
1043 2084 1189 2133 litterarum
1199 2094 1256 2133 tus-

156 2163 240 2211 bade:
256 2175 315 2211 eum
330 2161 488 2223 producitur,
498 2162 549 2211 Eta
560 2170 610 2225 est,
620 2169 648 2211 ut
659 2163 688 2211 ob
727 2170 783 2210 tum
806 2161 908 2210 nonnius
930 2160 1019 2210 Gnasci
1042 2174 1092 2208 nou
1115 2159 1257 2221 declinant,

156 2235 268 2286 haedis!
285 2237 397 2300 Lipsius.
727 2237 864 2286 declinavit
874 2237 988 2286 hocloco
999 2235 1137 2296 Ausonius,
1150 2237 1258 2301 perpri-

194 2311 310 2373 ⁶Negat
334 2311 420 2359 Attico
438 2327 498 2374 gens
516 2313 542 2376 b]
569 2314 689 2378 Respice,
727 2328 793 2361 muru
818 2311 983 2362 inflexionem
1013 2312 1173 2373 Latinorum,
1199 2312 1258 2363 luta

158 2389 180 2437 si
193 2402 280 2450 operte
294 2389 406 2452 pretium
418 2395 470 2449 est,
483 2404 540 2452 qrrae
553 2389 585 2437 ad
603 2390 689 2452 Epist.
729 2389 804 2452 lotae,
813 2399 839 2438 et
852 2389 920 2438 Buta
931 2389 1015 2452 Bene,
1025 2397 1053 2439 et
1063 2388 1142 2438 Delta
1154 2387 1257 2437 Deitas:

157 2480 227 2518 xxv.
239 2474 327 2516 notata
338 2471 406 2515 suut.
427 2465 565 2514 Turnebus
577 2466 593 2515 l.
604 2478 689 2517 xxrtt.
729 2467 895 2530 vocalemque
909 2466 925 2514 1
934 2466 959 2515 iu
967 2468 975 2495 ‘
983 2466 1063 2529 tota:
1073 2472 1258 2515 consonantem
1354 2509 1356 2515 ,

157 2563 184 2597 c.
204 2550 244 2595 80.
264 2547 343 2605 iopit:
362 2551 391 2594 0.
421 2546 550 2594 Hiucilie
572 2545 690 2595 fortassis
728 2540 803 2591 iecit.
846 2543 894 2591 Est
922 2543 989 2591 enim
1018 2542 1179 2605 trisyllabum
1202 2539 1258 2590 idrus

156 2622 306 2684 errorapud
314 2621 502 2671 Theodoretum
510 2636 618 2671 sermon.
628 2637 691 2671 vrrs.
728 2619 796 2681 apud
808 2618 926 2680 Graecos,
937 2621 981 2684 qui
993 2627 1176 2669 consonantem
1182 2621 1197 2680 j
1207 2631 1258 2667 nou

158 2698 195 2747 de
217 2698 277 2746 Cur.
297 2697 384 2747 Graec.
402 2696 445 2746 aff.
467 2697 510 2746 ubi
530 2712 606 2762 qurum
618 2716 632 2745 ο
644 2712 691 2761 pro
729 2693 835 2752 babent,
852 2701 881 2742 ut
896 2694 999 2744 Latini:
1015 2694 1060 2744 sed
1073 2695 1186 2744 vocalem
1201 2701 1260 2743 tau·

158 2792 173 2819 ιι
191 2779 261 2822 esset
276 2773 410 2835 scriptum,
429 2773 527 2821 librarii
545 2774 558 2818 d
575 2775 691 2836 descrip·
731 2776 794 2819 tum.
816 2769 924 2819 Vinctus.

159 2856 265 2898 uertunt:
284 2848 339 2908 οὐχ
355 2850 367 2894 d
382 2848 615 2912 ‘Populumiuquiu
629 2865 691 2911 περι·
762 2846 916 2908 8Cecropt'is
941 2847 1022 2906 igunto
1043 2845 1117 2908 notis]
1143 2846 1170 2894 Si
1194 2847 1259 2894 auti·

159 2925 304 2989 φωέστατιι
315 2924 452 2987 στρατηγοὶ,
460 2924 487 2971 ob
498 2922 597 2973 Σκιπίων
608 2923 621 2970 d
632 2927 691 2985 πρῶ-
731 2921 833 2985 quiores
847 2921 953 2968 Romuui
965 2920 1064 2968 idcirco
1075 2921 1203 2982 scripsere
1215 2936 1260 2980 ou,-

158 3018 213 3062 τοι,
223 3002 250 3050 οὔ
261 3002 368 3065 Βροῦτοι,
379 3001 422 3049 οὐκ
433 2999 522 3048 ἐκείνου
529 2997 654 3058 operosus,
665 2998 692 3046 ob
730 2997 789 3060 quia
806 2996 829 3044 V
839 3004 915 3060 prout
924 2996 1048 3058 simplicit
1057 2995 1152 3044 vocalis
1159 2997 1259 3060 tignum

159 3075 255 3139 κάτων,
276 3075 419 3134 autimas,
437 3076 465 3124 od
482 3072 692 3136 Melpesodnop·
731 3080 781 3132 est,
801 3086 891 3120 sonum
915 3072 986 3118 ilium
1013 3070 1128 3119 bisouum
1156 3072 1260 3121 minime

159 3155 239 3215 edutos,
256 3155 283 3202 ub
297 3157 387 3217 Καῖσαρ
398 3152 478 3202 ur'rrds.
513 3153 555 3200 ita
574 3152 642 3200 cuius
660 3153 693 3198 ie·
731 3148 907 3210 exprimerct;
931 3147 968 3195 iiii
990 3154 1087 3206 autem,
1108 3147 1150 3212 qui
1168 3156 1261 3210 postea

162 3231 263 3296 gendum
275 3232 355 3291 locus,
372 3239 401 3278 ut
415 3228 496 3277 forme
510 3228 575 3276 vidit
587 3226 692 3290 Sytuur.
731 3222 785 3285 ejus
797 3222 853 3270 ioco
864 3237 879 3268 ιι
891 3223 1061 3285 scripserunt,
1073 3220 1099 3270 id
1111 3235 1142 3271 cu
1154 3222 1261 3272 consilio

162 3308 221 3371 gius
233 3307 258 3354 in
272 3305 356 3355 Notis.
389 3305 440 3354 Sed
460 3311 488 3352 et
505 3304 621 3366 όπρῶτοι
633 3303 693 3351 mihi
731 3295 860 3357 feceruut,
879 3297 946 3361 quod
964 3297 1060 3361 qrribus
1075 3296 1138 3346 iocis
1150 3297 1193 3346 ilio
1205 3307 1261 3346 ute·

162 3388 313 3440 suspectum
326 3386 376 3439 est,
387 3393 462 3444 quum
475 3380 541 3427 aiter
556 3376 694 3427 Africsuus
732 3382 830 3429 rentur,
849 3373 1000 3422 crassiorem
1018 3372 1122 3436 quidem
1140 3386 1216 3435 qoam
1234 3373 1261 3420 in

162 3457 251 3520 priore
263 3469 313 3503 uon
325 3455 407 3502 miuus
425 3461 500 3501 nutus
512 3452 607 3501 fuerit:
625 3451 694 3501 forte
731 3450 963 3512 minutissimum
981 3457 1068 3499 tamen
1085 3449 1190 3514 (nempe
1207 3463 1262 3496 mu·

163 3532 308 3593 scripserat
325 3527 695 3590 Theodorotus,oir2mrinres,
733 3533 790 3577 tatu
808 3527 863 3591 jusu
887 3527 1013 3575 Veterum
1038 3523 1262 3588 pronuntiatione)

163 3607 193 3655 ub
204 3606 313 3666 Βροῦτοι.
732 3618 802 3653 verte
814 3604 966 3667 diphthongi
983 3617 1072 3653 sunum
1090 3603 1261 3652 eraudircutr

197 3688 251 3732 tin
273 3684 334 3746 quod
353 3687 376 3730 et
396 3687 436 3729 otu
454 3680 576 3743 Granum]
595 3679 695 3732 Quibus
733 3681 852 3744 liqueret,
865 3680 977 3730 Viiterte
989 3694 1078 3730 sonum
1091 3679 1193 3729 Graecis
1205 3693 1262 3728 esse

164 3758 252 3806 verbis
263 3759 369 3805 siirrsum
382 3758 413 3805 ad
424 3757 501 3806 verbs
513 3757 612 3820 Nigidii
626 3755 694 3818 apud
732 3757 866 3818 ignotum:
888 3756 926 3804 siu
943 3769 1004 3804 sero
1020 3757 1138 3819 ineptum
1150 3755 1262 3813 uidetur,

165 3833 696 3898 Gellium,quiinscitimarcessebatGrae·
734 3832 885 3894 abjudicare
906 3830 972 3879 bunc
997 3845 1086 3879 sonum
1109 3830 1141 3879 ab
1160 3844 1184 3886 s,
1205 3844 1263 3876 cum

165 3924 222 3970 cos,
235 3910 302 3973 quod
317 3928 330 3954 ιι
351 3923 383 3958 cx
395 3927 408 3957 n
418 3917 445 3958 et
457 3927 470 3956 υ
482 3909 614 3958 fecissent.
639 3906 697 3956 Scu-
735 3915 831 3970 praeter
843 3907 906 3955 alios
915 3906 1014 3954 Marius
1023 3905 1172 3953 Victorinus
1184 3902 1263 3951 diser·

165 3988 237 4050 liger.
736 3983 780 4030 tim
793 3982 897 4042 scribut,
908 3997 923 4028 ιι
936 3980 997 4043 poui
1009 3993 1056 4042 pro
1069 3981 1092 4027 0
1106 3984 1134 4026 et
1155 3978 1191 4026 V.-
1213 3990 1262 4026 uee

199 4069 220 4111 n
239 4065 299 4125 qnod
317 4069 341 4113 et
360 4070 381 4111 ο
401 4063 523 4125 Groecrtm]
541 4061 572 4109 lu
585 4060 655 4108 tritis
667 4059 698 4107 li·
735 4057 760 4105 id
774 4058 853 4119 magis
866 4055 1002 4104 absurdum
1015 4056 1057 4111 sit,
1075 4066 1150 4116 quam
1169 4051 1263 4113 qrrodl

165 4138 222 4187 bris
241 4140 324 4199 aliter,
341 4140 384 4202 qui
402 4138 554 4187 'rGraecum
567 4138 697 4198 ingerunt,
735 4134 837 4195 longum
849 4131 973 4187 sonuerit,
985 4139 1011 4177 ut
1025 4128 1079 4178 Et:
1097 4127 1158 4175 iliud
1171 4129 1263 4176 saitem

166 4213 298 4275 scripture
310 4215 428 4273 iuccrte;
448 4213 498 4260 iuno
517 4224 578 4260 vero
590 4224 623 4257 ex
636 4209 659 4256 vi
671 4214 698 4257 et
735 4216 811 4258 extra
830 4206 1032 4257 controversiam
1048 4212 1149 4252 ornnem
1167 4216 1264 4268 ponen-
