2804 4764
245 288 332 368 1216

244 1321 389 1386 recipitque
398 1320 552 1385 triangulum
561 1321 775 1372 sealenurncuue-

245 1407 273 1447 ts
284 1413 378 1461 genera
389 1401 547 1461 angulorum.
573 1400 608 1447 Et
620 1398 773 1461 triangulum

245 1473 307 1522 illud
317 1473 458 1536 Pythagor.
485 1473 605 1522 Vitruvio
615 1472 773 1537 descriptum

244 1550 289 1600 lib.
302 1565 341 1601 rx.
361 1552 490 1600 scalenum
508 1556 557 1605 est.
568 1556 595 1599 et
606 1559 692 1599 tamen
705 1551 773 1600 idem

245 1627 322 1676 etiarn
344 1627 530 1690 orthogonium,
549 1633 576 1675 et
595 1627 773 1690 rectaugulum

244 1703 407 1766 triangulum.
442 1703 548 1752 Vinctus.

276 1779 373 1828 Horum
391 1777 570 1840 verticularum]
594 1777 773 1827 ‘verticulas'

243 1869 321 1918 quum
332 1855 400 1905 dixit
412 1855 524 1904 Lucilius
537 1861 610 1903 vetm
622 1853 707 1916 polita,
718 1857 773 1903 ‘ar-

244 1930 353 1979 ticulos'
369 1931 477 1985 intelligi
490 1930 571 1979 volrrit
588 1930 690 1991 Festus,
699 1931 773 1995 quid-

244 2006 307 2072 quid
318 2007 367 2054 lmc
377 2006 434 2055 loco
443 2007 503 2055 sint.
522 2007 595 2054 Idem.

278 2083 343 2136 Quin
362 2089 386 2131 el
399 2086 482 2142 turris,
492 2089 515 2131 et
526 2084 663 2147 cantuarae]
680 2086 773 2134 Exem-

243 2157 301 2220 plar
315 2159 367 2207 Ms.
387 2160 514 2208 laetaris:
531 2158 634 2207 ridetur
651 2160 718 2208 enim
737 2162 773 2209 lo·

244 2247 302 2281 cum
315 2234 402 2282 Plauti
415 2234 564 2283 reeordatus
576 2248 634 2283 eum
645 2235 701 2283 haec
714 2250 772 2298 pro·

244 2307 319 2356 deret
329 2309 469 2371 Autronius,
486 2309 529 2372 qui
547 2318 586 2357 est
604 2310 628 2356 in
648 2310 771 2360 Bacchid.

244 2385 312 2433 'Ubi
321 2399 369 2447 ego
379 2386 479 2447 capiam
491 2399 538 2447 pro
551 2384 677 2433 machaera
689 2392 772 2435 turtu-

244 2474 308 2521 rem,
326 2460 422 2525 ubique
440 2461 555 2523 imponat
575 2460 600 2508 iu
620 2474 695 2508 uranu
708 2462 771 2511 alius

243 2536 303 2584 mihi
317 2542 457 2599 procantu
470 2536 638 2585 cantharum!
664 2537 704 2584 Ex
716 2537 772 2600 ejus

243 2619 329 2661 autern
356 2612 427 2659 vocis
457 2612 601 2673 insolentia,
628 2614 653 2660 iu
682 2620 797 2663 turrem·

243 2694 413 2737 commutasse
436 2692 558 2736 turturem
570 2687 693 2737 credatur
704 2691 771 2754 quis-

243 2762 321 2823 piam,
336 2763 509 2824 proportionis
526 2762 617 2811 saltem
630 2765 770 2814 immemor.

243 2840 338 2888 Itidem
350 2841 375 2888 in
388 2850 461 2889 recto
473 2857 533 2889 sane
545 2842 648 2889 irretiaris
656 2857 771 2904 usurpes,

244 2917 315 2966 velut
325 2918 435 2975 ruituris,
453 2917 519 2981 quod
539 2926 565 2966 et
584 2918 621 2966 lll.
635 2919 732 2966 Tullius
745 2927 772 2966 et

243 2995 341 3041 Ennius
354 2994 486 3057 dixerunt,
498 2994 558 3042 licet
570 2995 604 3042 sit
625 2995 650 3042 iu
667 3009 714 3043 usu
724 2996 772 3042 rul-

242 3074 368 3132 turatque
380 3075 469 3117 eurem.
487 3069 633 3118 Acerrrsius.

278 3145 310 3191 m
321 3144 406 3205 turris]
425 3146 509 3192 Etiam
526 3145 628 3192 turturis
640 3158 685 3205 piro
697 3145 772 3191 turris

243 3220 367 3282 scriptum
397 3220 495 3267 invenit
524 3220 716 3280 lilariangelusz
745 3227 771 3267 et

244 3302 351 3356 possunt
371 3293 478 3357 Antiqui
501 3295 601 3342 turturis
623 3308 669 3353 pro
690 3299 771 3341 turtur

241 3369 347 3430 dixisse,
368 3367 580 3433 quemadmodum
604 3370 706 3416 saltaris
724 3373 770 3430 pro

241 3447 322 3494 uultur
332 3451 372 3493 est
390 3446 416 3491 in
435 3458 508 3491 versu
526 3444 600 3491 Ennii
619 3444 687 3506 apud
700 3444 769 3492 Pris-

242 3523 343 3569 eiannm
367 3520 433 3569 libro
453 3528 528 3568 sento
548 3537 554 3568 :
583 3521 723 3569 ‘Vulturis
744 3523 768 3569 io

241 3597 312 3645 silvis
324 3597 443 3645 miserum
460 3596 601 3645 mandabat
618 3597 771 3646 homonem.¹

245 3673 351 3721 Visetur.

277 3750 498 3812 Variegus11Hoc
518 3750 624 3798 verbum
645 3764 691 3812 pro
704 3753 769 3799 sari·

242 3832 334 3885 are,et
354 3827 425 3874 varie
444 3838 571 3874 exornare
588 3825 676 3873 nescio
693 3841 768 3888 quam

240 3907 316 3949 setus
333 3900 383 3948 sit:
400 3915 451 3964 qno
463 3907 570 3949 srtrmtur
582 3900 657 3964 primi
671 3901 768 3950 Biblio-

241 3990 296 4024 rnm
310 3975 473 4038 interpretes.
491 3976 566 4025 idern.

275 4053 344 4106 Quod
355 4067 399 4113 ego
416 4053 565 4115 posteriorem
581 4052 689 4100 imitatus
703 4053 766 4116 aum]

242 4126 347 4172 Malim:
374 4128 522 4187 posteriores,
542 4134 570 4174 ut
592 4126 718 4175 referatur
734 4130 766 4178 ad

238 4198 392 4261 ‘imperitos
403 4201 420 4249 :'
438 4202 463 4250 id
481 4210 531 4263 est,
547 4201 646 4250 videbis
662 4203 767 4266 junctu-

591 322 699 370 1101·AE
724 322 922 372 vatilottvst
949 326 988 376 lu

809 482 861 517 ram
874 484 919 519 seu
936 470 1160 520 concinnationum
1178 470 1230 520 mei
1243 471 1340 522 Carmi-

809 546 848 592 nis
859 559 916 593 esse
929 546 1071 596 ridiculam.

841 621 944 682 §amre
951 623 1058 670 dirutum
1060 621 1149 684 socies]
1162 624 1234 674 Qum
1247 625 1337 687 ‘qnas-

809 702 895 747 satos'
909 712 976 746 nunc
987 697 1106 759 dicimus,
1127 699 1212 761 inquit
1227 700 1339 749 Budaeus

809 774 834 821 in
844 773 1165 835 annotationibus,autiqui
1176 775 1264 823 Latini
1273 777 1281 803 ⁸
1289 789 1339 824 ere

810 848 926 896 dirutos'
949 849 1085 896 vocabant.
1120 849 1231 901 Festus:
1260 850 1337 900 ‘AEre

809 925 923 972 dirutum
943 924 1052 973 militent
1074 924 1207 985 dicebant,
1219 928 1288 991 quod
1305 942 1340 976 tes

809 1000 961 1049 diruebatur
976 1000 1001 1048 iu
1020 998 1120 1062 flectam,
1138 1015 1188 1049 non
1207 1002 1235 1050 in
1252 1003 1340 1051 militis

810 1076 958 1126 saccariam'
991 1077 1042 1125 Sed
1061 1077 1119 1126 virle
1137 1085 1220 1140 caput
1238 1086 1340 1128 sextum

810 1155 868 1203 libri
889 1154 1088 1204 duodevicesimi
1111 1155 1144 1203 de
1164 1156 1274 1204 honesta
1290 1157 1340 1205 dis·

810 1231 907 1294 eipliua
930 1232 1003 1280 Petri
1029 1231 1129 1281 Criniti.
1162 1231 1343 1283 ‘Procedere’

813 1322 876 1370 ergo
887 1308 963 1356 militi
975 1311 982 1336 ⁴
995 1308 1168 1371 stipendium,'
1190 1316 1218 1358 et
1235 1310 1340 1359 militem

812 1385 884 1431 ‘ere
907 1384 1037 1433 dirutum'
1059 1398 1125 1445 esse,
1144 1386 1201 1435 haec
1223 1388 1294 1436 iuter
1313 1401 1340 1436 se

811 1462 946 1511 contraria.
970 1462 1048 1511 Visst.

844 1536 953 1585 Redeam
969 1537 1060 1600 ιιιιιιι]
1078 1536 1119 1586 Ad
1137 1552 1212 1587 sunm
1231 1538 1339 1590 Paetum

811 1613 957 1676 Virgilium.
974 1615 1047 1663 Idem.

844 1690 893 1737 No.
915 1693 972 1738 8⁵1.
1011 1691 1157 1753 lAceipiie
1172 1690 1222 1739 λιιι
1242 1690 1339 1753 amun]

810 1765 852 1816 Ad
865 1766 1074 1815 Valentinianum
1091 1775 1119 1816 et
1131 1767 1271 1818 Valentem
1288 1767 1337 1817 sra-

812 1849 864 1891 tres
877 1843 994 1892 Caesares
1005 1844 1069 1892 lraac.
1090 1843 1197 1894 Visetur.

841 1921 857 1965 4
888 1918 966 1980 Tuque
990 1918 1069 1981 prior]
1095 1919 1119 1967 0
1149 1919 1338 1971 valentiniane.

810 1995 885 2045 Idem.

842 2076 857 2121 'l
875 2072 984 2134 Puerque
1005 2078 1059 2120 tuns
1079 2086 1131 2120 mea
1147 2072 1253 2121 mim
1270 2071 1337 2133 esre]

810 2148 890 2197 Filius
911 2156 970 2195 tuus
999 2148 1155 2196 Gratianus:
1181 2163 1259 2212 quem
1278 2149 1338 2199 milri

809 2225 835 2272 iu
847 2224 1006 2286 disciplinam
1015 2224 1153 2274 tradidisti.
1171 2225 1210 2274 ld.

847 2305 863 2349 9
889 2301 990 2349 Nomine
1021 2316 1091 2348 anum
1116 2300 1234 2363 referens]
1268 2300 1337 2350 Asos

809 2375 929 2425 Gratiani
942 2376 1062 2439 Aiigrrsti,
1074 2376 1224 2439 Gratianus,
1241 2384 1271 2426 ut
1283 2379 1337 2426 ‹lix-

810 2453 874 2501 imus
886 2455 911 2502 in
924 2454 1089 2516 Epigramma
1105 2455 1219 2503 tortium.
1237 2455 1312 2503 iden.

824 2534 873 2578 ’10
894 2530 948 2578 Nos
971 2527 1069 2590 inituro]
1088 2529 1208 2579 Jusserat
1225 2530 1337 2593 lmpera·

811 2613 851 2654 tor
862 2607 1066 2668 Valentinianus,
1083 2612 1113 2653 ut
1132 2605 1200 2654 dixit
1220 2606 1253 2654 ad
1271 2606 1336 2655 Pau·

810 2683 869 2731 lum.
891 2685 963 2730 Idem.

844 2758 894 2805 No.
909 2762 964 2805 ³5³.
999 2762 1030 2806 10
1051 2759 1158 2806 Ornatus
1169 2757 1282 2822 Argita]
1297 2758 1336 2806 lu·

810 2835 885 2882 venio
894 2843 921 2881 et
933 2835 958 2880 in
972 2833 1152 2882 imminutione
1162 2848 1265 2882 versum
1275 2835 1337 2882 inte·

810 2925 891 2972 grum,
916 2924 968 2971 quo
991 2910 1048 2957 loco
1071 2910 1184 2958 vulneris
1201 2910 1337 2970 impatiens

809 2988 892 3046 virgo,
912 2989 919 3012 ‘
933 2995 972 3033 ter
982 2998 1037 3032 sese
1054 2985 1194 3044 attollens,’
1206 2995 1247 3032 ter
1260 2987 1336 3033 etiam

807 3062 942 3108 ‘revoluta
961 3069 1016 3108 toro
1034 3060 1101 3108 esti'
1123 3060 1174 3108 Sed
1192 3061 1261 3123 quod
1280 3076 1335 3108 eum

808 3139 921 3201 spurium
931 3140 1200 3201 osnninoputaremus,
1212 3153 1245 3185 ne
1258 3137 1335 3187 reser-

809 3215 830 3262 ri
843 3213 945 3276 quidem
959 3229 1027 3261 curm
1040 3213 1098 3263 fuit.
1133 3213 1199 3261 Nam
1211 3221 1238 3261 et
1249 3229 1337 3262 veren-

808 3290 867 3338 dum
888 3305 988 3353 quoque
1015 3291 1160 3350 ridebatur,
1188 3305 1220 3338 ue
1250 3302 1336 3339 nostro

808 3366 961 3430 quandoque
979 3366 1107 3428 exemplo,
1119 3366 1140 3413 si
1158 3365 1241 3414 minus
1259 3367 1336 3414 mani·

808 3442 876 3490 festo
887 3444 1033 3491 testimonio
1045 3444 1194 3503 egissemus,
1210 3444 1335 3506 quispiam

808 3517 917 3567 fortasse
929 3521 992 3567 alios
1005 3536 1018 3567 e
1032 3519 1142 3581 Virgilio
1159 3518 1242 3582 (quod
1261 3520 1335 3567 t'arile

808 3593 849 3654 m)
861 3595 979 3642 redactos
996 3595 1156 3656 confingeret
1170 3604 1249 3658 atque
1260 3597 1338 3644 aride·

808 3678 855 3719 ret.
891 3670 956 3718 lllud
971 3685 1032 3718 vero
1050 3670 1189 3730 monuisse,
1209 3671 1337 3718 leviuscu-

808 3746 857 3794 lum
871 3745 979 3795 fortasse
991 3745 1078 3801 suerit,
1090 3747 1158 3808 quod
1179 3747 1205 3794 iu
1217 3747 1335 3809 Nuptiali

807 3836 877 3870 coena
889 3824 1012 3885 scriptum
1024 3830 1078 3871 est:
1096 3823 1166 3869 ‘Per
1183 3823 1281 3871 lumina
1293 3826 1336 3872 la·

808 3906 835 3946 ta
847 3897 997 3960 frequentes
1017 3898 1191 3946 Discurrunt!
1225 3899 1291 3948 Cum
1303 3901 1337 3948 sit

806 3975 968 4023 scribendum
987 3974 1078 4022 limina.
1112 3974 1254 4037 Postquam
1275 3990 1336 4024 sero

806 4051 831 4098 in
854 4051 1000 4099 cubiculum
1027 4060 1130 4099 ventum
1153 4059 1203 4112 est,
1224 4052 1335 4104 Carmen

806 4132 866 4174 ante
890 4127 1097 4176 imminutionem
1117 4126 1201 4174 solrrtu
1218 4129 1334 4177 oratione

805 4203 980 4263 intercipitur,
992 4202 1040 4266 verri
1059 4202 1158 4263 titulus,
1186 4203 1335 4265 Parecbasis,
