2804 4764
161 289 248 358 1088
512 303 620 352 ruore
639 300 845 349 -vauruunu
871 299 910 347 ru

161 457 190 501 et
208 445 365 498 Plutarchus
384 444 411 493 iu
430 443 588 494 Alexandro.
621 440 689 490 Illud
726 439 839 489 Disiuat.
859 445 886 487 et
905 438 974 486 Plio.
995 435 1040 485 lib.
1055 449 1088 485 ιι.
1107 435 1164 499 ejus
1180 440 1257 484 terrra

162 532 218 573 erat
235 520 328 571 Gordii
348 519 458 571 indutis
476 518 581 580 templo.
613 514 691 565 nur·
727 518 777 566 sim
794 516 873 566 tuisse
894 516 975 578 credi,
994 529 1051 579 quae
1070 523 1185 564 ruentem
1207 515 1260 577 Py·

161 597 267 647 mebant
287 603 374 645 antem
395 593 495 656 incolae,
519 594 599 642 totius
622 590 690 640 Asius
727 594 789 643 thiae
800 592 910 656 Delphis
926 591 1015 640 divino
1034 587 1261 639 cuncitsreteffla·

161 671 296 735 imperium
317 669 354 718 illi
375 667 436 717 fatis
455 668 586 731 portendi,
603 667 692 732 quiet
726 675 764 717 tn.
797 664 966 729 Porro,quod
978 664 1078 713 dictum
1095 671 1261 728 quoqueest,

162 744 344 810 inexplicabile
357 743 487 793 vinculum
500 743 629 792 solvisset.
649 740 690 790 Vi·
726 741 830 791 ‘fatalis
847 741 905 804 jugi
928 741 984 788 lurs
1003 740 1104 788 soluere
1126 752 1187 788 eum
1211 752 1261 786 uuu

161 826 239 871 mee.
516 815 518 819 ’
585 870 589 876 ,
727 824 823 879 posset,
839 812 970 874 abscidit,'
991 812 1150 863 Gordianum
1164 811 1262 862 nudum

195 896 230 946 Et
241 895 337 959 Pythie
348 891 452 957 meurs]
469 891 625 941 Plutarchus
636 903 690 938 tem
727 891 822 951 innuit,
843 891 885 955 qui
906 889 932 937 in
956 887 1056 939 Gordiu
1078 887 1162 938 Midas
1188 888 1262 951 regia

161 973 198 1021 lta
208 979 295 1020 narrat
307 971 333 1019 in
344 969 487 1020 Alexandri
499 969 572 1016 Vita.
605 967 690 1017 Quum
727 966 787 1014 uliur
798 964 857 1027 fuit,
869 978 902 1013 ex
913 964 986 1013 corui
1004 963 1071 1014 libro
1089 977 1126 1012 ac.
1137 963 1261 1012 innexum

162 1046 242 1097 uellet
253 1045 403 1096 Alexander
416 1047 501 1094 Deum
512 1043 646 1093 consulere
659 1040 691 1089 de
728 1042 880 1104 plaustrum.
912 1038 1260 1103 cujuscerteBarharorum

162 1120 261 1171 Asiana
277 1121 452 1184 expeditione,
470 1118 585 1183 Delphos
603 1118 691 1166 seuit:
728 1117 815 1179 opiniu
826 1114 971 1176 terebatur,
991 1113 1035 1179 qui
1055 1127 1149 1162 nexum
1169 1115 1261 1163 suluis-

162 1197 231 1262 quud
242 1197 310 1248 l'urte
327 1197 353 1246 iu
365 1211 409 1246 eoa
422 1194 513 1246 incidit
524 1195 589 1253 dies,
600 1193 691 1258 quibus
728 1197 778 1252 sct,
789 1205 848 1240 eum
860 1198 916 1240 tutu
933 1190 1006 1251 orbe,
1025 1191 1066 1239 sel
1083 1188 1153 1254 quod
1169 1189 1261 1239 scribit

162 1271 308 1335 Apollinem
320 1272 436 1321 excitare
455 1270 528 1320 nefas
549 1273 693 1334 putaretur.
727 1265 855 1328 Justiuua,
867 1272 922 1315 tuta
940 1263 1005 1314 Asia
1016 1273 1194 1328 regnaturum.
1224 1263 1261 1312 A·

162 1346 277 1395 Primum
289 1347 377 1410 itaque
388 1346 537 1395 Alexander
555 1350 639 1393 vatem
654 1357 693 1393 ro·
729 1342 853 1392 leaander
863 1342 950 1407 ltaque
962 1356 1019 1391 cum
1031 1341 1119 1404 capita
1134 1341 1260 1390 iuramen-

162 1421 244 1484 gsrit,
263 1427 293 1470 nt
304 1421 372 1470 iretr
389 1420 435 1469 aed
453 1434 531 1486 quum
553 1419 596 1467 illa
613 1418 693 1467 obsti·
730 1429 824 1480 torum,
835 1419 903 1468 iutra
915 1417 995 1467 nodos
1015 1416 1177 1477 abscundita,
1195 1415 1260 1465 ohli-

162 1503 226 1545 uate
237 1500 379 1555 recusaret,
397 1495 533 1557 legemque
555 1491 693 1556 proferret,
730 1496 837 1558 qrrisque
848 1494 916 1542 iuter
926 1506 955 1541 se
971 1491 1050 1554 spinis
1067 1491 1201 1552 obuoluta,
1217 1503 1260 1539 ue·

162 1570 189 1619 vi
200 1570 244 1619 ilie
255 1569 361 1618 taudem
372 1583 444 1632 naus,
459 1572 583 1632 templum
602 1582 692 1616 ascen·
730 1570 828 1631 quisset
840 1569 949 1630 solvere,
967 1566 1062 1616 nudum
1073 1565 1144 1616 ferro
1154 1565 1259 1615 cecidit.

163 1644 212 1706 dit,
235 1643 394 1708 insitamque
421 1658 453 1694 eo
480 1644 560 1692 traxit
587 1650 691 1691 uatem:
730 1645 799 1693 ilinc
820 1643 917 1693 factum
938 1642 1059 1703 arbitror,
1081 1647 1110 1690 nt
1129 1656 1189 1691 cum
1207 1655 1259 1690 rera

164 1733 224 1782 que
236 1726 265 1769 ut
277 1733 308 1768 eu
326 1719 468 1769 Alexandri
485 1717 573 1767 studio
591 1724 619 1765 et
636 1730 694 1780 per·
730 1718 845 1779 arduam,
867 1733 925 1783 ques
946 1717 1054 1767 consilio
1076 1717 1185 1766 tractari
1210 1730 1259 1766 nou

164 1795 261 1845 tinacia
281 1794 360 1854 victa,
378 1793 485 1853 &lemos
505 1790 548 1854 eis,
567 1789 694 1856 ioquin&
731 1795 901 1857 permittitur,
926 1794 952 1842 vi
979 1799 1181 1856 exsuperaturus
1214 1805 1260 1841 uus

162 1870 214 1918 eei.
225 1868 250 1918 id
262 1868 485 1931 eat,1usictnees,
497 1865 570 1916 ofili.
587 1867 661 1914 Iden·
731 1872 876 1930 asserimus,
888 1867 1051 1918 incidendam
1066 1866 1173 1932 quidem
1189 1866 1260 1916 illam

198 1946 268 2001 and
279 1944 346 2004 'ltst⁸⁸
356 1950 407 1993 Μ
417 1942 510 2007 imm]
520 1943 694 1991 lmmssllfflfll
731 1960 891 2010 usurpemus.
924 1945 1024 1995 Plinius
1041 1943 1152 2006 quadam
1166 1942 1200 1992 ad
1211 1943 1262 1992 Ca·

164 2019 288 2082 tlihuwd
304 2019 370 2079 susat
388 2023 449 2080 eras,
466 2032 522 2080 hro,
541 2032 586 2080 9¹¹⁰
603 2016 643 2064 ὅθ
651 2015 695 2074 s⁶⁸
731 2021 827 2070 niniam
838 2021 972 2084 Epistula:
989 2018 1148 2082 ‘Nunquam
1163 2031 1198 2067 ne
1214 2018 1259 2066 hoa

163 2098 223 2143 erut·
257 2093 414 2141 Plutarchus
438 2106 500 2141 tero
527 2091 627 2147 mihil,
649 2103 694 2137 0¹·
731 2096 1010 2158 arctissimoslsqueos,
1029 2095 1050 2144 sl
1069 2095 1262 2157 solvereuega·

164 2166 322 2231 pruinosam
344 2181 390 2229 uro
410 2167 511 2216 Grecis
528 2173 619 2215 contre
630 2166 694 2215 Per·
731 2171 974 2236 tar,aunrmpanr’
991 2169 1156 2219 stremonius
1174 2176 1260 2218 suren

164 2255 206 2291 aas
221 2249 400 2304 susceptumm
420 2240 608 2304 Alexandrum,
619 2247 647 2290 ut
659 2240 693 2290 Α·
730 2245 808 2297 facile
835 2261 893 2297 eum
918 2246 1024 2295 solvisse
1046 2245 1146 2305 scribit,
1172 2244 1261 2294 demto

163 2316 286 2380 pollinem
302 2316 460 2377 consuleret,
475 2316 593 2377 Delphos
611 2316 693 2364 reuis-
730 2324 815 2386 claun,
826 2336 875 2388 qun
892 2321 986 2370 temoni
998 2321 1090 2383 jugum
1101 2320 1261 2381 annectitur,

163 2407 210 2453 se;
232 2405 283 2456 quo
305 2396 432 2454 tempure,
450 2405 508 2441 curu
530 2391 556 2438 in
579 2389 692 2441 nefastus
730 2412 789 2445 mox
805 2397 898 2460 jugum
918 2395 1079 2445 arrbduxisse.
1112 2393 1261 2445 Quamlria-

163 2466 218 2516 dies
228 2465 373 2528 incidisset,
385 2467 482 2515 oraculi
493 2466 596 2515 silentiu
608 2465 693 2527 datos,
730 2472 822 2521 goriam
840 2478 867 2519 et
878 2470 1007 2519 Ausoniae
1027 2483 1129 2534 quoque
1148 2468 1181 2519 ad
1193 2469 1263 2518 Pm-

163 2543 274 2607 ideoque
296 2551 444 2605 negantem,
464 2543 597 2606 legemque
620 2551 693 2589 tuen·
730 2547 810 2594 linum
832 2560 882 2594 uon
907 2544 1055 2606 ignorarit:
1082 2543 1190 2593 ‘Ocius
1217 2544 1262 2592 illa

165 2626 218 2668 tem
229 2618 386 2667 Phoeuauem
405 2632 513 2666 exorare
528 2631 577 2665 non
596 2623 693 2680 posset,
725 2621 782 2684 jugi
794 2620 880 2669 fatalis
898 2621 997 2668 solvere
1017 2621 1072 2667 lore
1085 2617 1204 2667 Pellenm
1217 2633 1261 2681 poe

164 2690 589 2756 i'nsitamtrahensipsctemplum
605 2704 693 2740 asceu·
731 2696 812 2744 tuisse
835 2694 925 2743 ducem
952 2708 1019 2755 reor,
1047 2693 1136 2743 abdita
1161 2695 1261 2758 opertis

164 2772 214 2832 dit,
225 2786 256 2819 ea
267 2775 362 2830 autem,
378 2771 449 2818 velut
459 2770 544 2819 studio
557 2770 636 2829 ricta,
646 2767 693 2815 nt·
730 2771 880 2833 Principiis,
892 2777 919 2819 et
932 2778 1039 2834 utruque
1057 2776 1138 2835 eaput
1148 2772 1261 2821 celantia

164 2860 235 2901 euros
253 2840 283 2904 ei,
294 2841 313 2890 ὅ
323 2844 375 2904 aei,
393 2842 531 2907 quodcum
544 2842 694 2891 Alexander
731 2846 815 2895 uodo.’
831 2847 965 2895 Accurrisa.

164 2918 320 2982 accepisset,
331 2925 475 2968 assecutum
487 2933 524 2976 se,
537 2919 604 2982 qusud
617 2918 650 2966 ab
662 2931 695 2965 ea
765 2923 884 2971 Now.
917 2921 1069 2970 lCurrniais
1087 2922 1197 2984 incurata]
1217 2922 1261 2970 vi.

164 3000 273 3056 cuperet
292 2994 451 3053 vaticinium,
469 3007 553 3057 neque
573 2994 625 3042 aliu
642 2993 692 3041 sihi
731 2997 786 3046 deri
804 2995 907 3061 quidem
926 3004 1030 3059 poterat
1049 2996 1188 3059 Arrsouius,
1202 3012 1259 3046 cum

165 3068 453 3132 opuaesse,affirmauit.
487 3068 694 3131 legendumita·
732 3072 757 3120 id
786 3085 819 3119 ca
843 3071 1021 3133 Priapeiorum
1044 3070 1208 3121 Prael'dtiune
1234 3075 1259 3121 in

165 3159 215 3209 qus
233 3145 407 3194 arbitramur:
426 3145 478 3200 Qua
493 3144 531 3192 die
547 3144 614 3202 κείω
633 3147 694 3203 σεε,
731 3152 989 3201 auamcunverteret,
1001 3145 1068 3192 inter
1080 3146 1260 3207 aemulandum,

164 3226 209 3268 aut
221 3224 362 3281 cantuque
373 3217 459 3276 &fus
469 3233 515 3266 sus
531 3222 591 3277 mi,
605 3216 657 3279 (uti
669 3216 694 3264 in
730 3221 814 3270 inculti
824 3235 898 3284 quarn
906 3220 1135 3269 incoratimalnisse.
1163 3223 1259 3271 Verum

164 3293 264 3355 scripto
280 3307 331 3341 nno
343 3291 404 3356 est,)
421 3293 447 3341 lv
464 3291 501 3342 ale
517 3293 545 3340 ud
561 3292 696 3352 vuaimerus
730 3296 756 3344 iu
768 3297 875 3345 uetustis
887 3297 941 3358 ejus
949 3296 1139 3359 exemplaribus
1152 3305 1260 3359 praeter-

83 3363 87 3370 '
165 3365 315 3427 dunimius.
355 3368 432 3419 Quod
455 3375 541 3417 autem
566 3368 694 3416 Ausonius
732 3383 808 3434 quam
830 3370 926 3418 iseomti
947 3369 1058 3419 noudum
1078 3371 1197 3433 legimus.
1213 3373 1260 3421 Ac·

160 3444 168 3471 ‘
189 3441 290 3506 Pythias
317 3455 422 3504 specum
451 3443 620 3506 penetrasse'
649 3444 695 3503 ait,
730 3446 829 3493 narnus.

163 3516 333 3578 Plutarchus,
358 3517 501 3580 ‘templum
529 3518 696 3581 ascendisse,'
762 3520 912 3583 dPlryrneles
930 3520 1061 3584 sequimur]
1080 3522 1204 3572 saltatrix
1215 3523 1259 3573 mi·

165 3593 227 3642 nihil
239 3592 355 3655 impedit.
387 3592 485 3656 Specus
506 3594 573 3642 euim
592 3595 618 3642 iu
632 3600 695 3642 tem·
731 3611 824 3659 araque
835 3595 885 3643 fuit
896 3596 1015 3660 quaedam
1028 3596 1133 3656 nondun,
1150 3605 1178 3647 et
1190 3599 1258 3648 thea-

165 3668 209 3732 pio
220 3665 281 3729 fnit,
295 3667 328 3716 ad
347 3682 422 3730 uuam
434 3676 508 3731 rapta
518 3669 625 3732 Pythias
637 3683 695 3717 ura·
731 3672 765 3720 tri
775 3685 843 3732 pars.
876 3672 917 3719 De
938 3685 988 3734 qua
1004 3672 1126 3733 Budaeus,
1137 3672 1258 3734 Rhodigi·

165 3744 225 3794 cula
247 3742 377 3794 redderet.
411 3744 512 3794 Seneca
531 3745 556 3792 in
575 3744 695 3806 Tragoed.
732 3761 829 3810 ausqne
852 3746 910 3795 libri
933 3750 1019 3796 octavi
1042 3757 1135 3798 octauo
1163 3751 1258 3812 capite.

165 3819 226 3870 (Ed.
235 3820 243 3846 ‘
253 3817 349 3882 Incipit
361 3818 474 3868 Phobea
489 3827 562 3868 uatcs
572 3834 695 3883 spargere
731 3823 807 3872 Unde
819 3823 952 3885 thymelici
962 3824 1026 3873 dicti
1039 3824 1170 3888 tibicines,
1181 3825 1259 3875 citha·

164 3895 297 3943 horrentes
318 3907 404 3943 cumas
428 3895 462 3943 Et
486 3895 540 3958 pati
567 3903 696 3946 commuta
732 3897 805 3953 rudi,
817 3905 844 3947 et
856 3899 958 3947 similes.
976 3899 1056 3947 Vinci.

166 3970 310 4019 Phoebum:
330 3969 564 4033 contigituoudum
581 3984 697 4036 specum,
763 3977 778 4019 u
802 3972 929 4035 Ermiuas]
953 3973 1063 4023 Videtur
1084 3973 1163 4024 inisse
1186 3984 1258 4036 γελο·

166 4044 268 4094 Esuricut
283 4052 355 4093 ussto
366 4042 468 4108 fragore
486 4045 569 4107 major
587 4047 695 4096 humanu
730 4047 831 4108 mosis,
843 4056 887 4096 aut
899 4049 988 4097 mimus
1005 4048 1165 4111 temporibus
1178 4050 1258 4099 Ausu-

168 4119 265 4170 souus.’
297 4120 395 4170 Scribit
405 4121 444 4170 M.
456 4121 556 4172 Tutilius
575 4122 600 4169 iu
621 4135 640 4171 1.
661 4122 694 4172 de
732 4123 766 4172 nii
778 4141 784 4173 :
797 4124 886 4187 quales
897 4123 967 4185 apud
977 4122 1109 4174 Sidonium
1121 4125 1130 4154 ⁸
1140 4125 1258 4175 Carnma·
