<?xml version="1.0" encoding="UTF-8"?>
<!DOCTYPE html PUBLIC "-//W3C//DTD XHTML 1.0 Transitional//EN"
    "http://www.w3.org/TR/xhtml1/DTD/xhtml1-transitional.dtd">
<html xmlns="http://www.w3.org/1999/xhtml" xml:lang="en" lang="en">
 <head>
  <title>
</title>
<meta http-equiv="Content-Type" content="text/html;charset=utf-8" />
  <meta name='ocr-system' content='tesseract 3.04.00' />
  <meta name='ocr-capabilities' content='ocr_page ocr_carea ocr_par ocr_line ocrx_word'/>
</head>
<body>
  <div class='ocr_page' id='page_1' title='image "./dmagniausoniibu00ausogoog_0507.png"; bbox 0 0 2804 4764; ppageno 0'>
   <div class='ocr_carea' id='block_1_1' title="bbox 156 298 911 368">
    <p class='ocr_par' dir='ltr' id='par_1_1' title="bbox 156 298 911 368">
     <span class='ocr_line' id='line_1_1' title="bbox 156 298 911 368; baseline -0.001 -3"><span class='ocrx_word' id='word_1_1' title='bbox 156 298 242 368; x_wconf 85' lang='grc'><strong>1886</strong></span> <span class='ocrx_word' id='word_1_2' title='bbox 481 315 674 366; x_wconf 79' lang='lat' dir='ltr'>aecensus</span> <span class='ocrx_word' id='word_1_3' title='bbox 698 315 911 366; x_wconf 81' lang='lat' dir='ltr'>ammonuu</span> 
     </span>
    </p>
   </div>
   <div class='ocr_carea' id='block_1_2' title="bbox 141 462 1248 4145">
    <p class='ocr_par' dir='ltr' id='par_1_2' title="bbox 151 462 1248 1852">
     <span class='ocr_line' id='line_1_2' title="bbox 156 462 1248 534; baseline 0.003 -10"><span class='ocrx_word' id='word_1_4' title='bbox 156 463 277 524; x_wconf 79' lang='lat' dir='ltr'>Ausonii</span> <span class='ocrx_word' id='word_1_5' title='bbox 289 462 447 524; x_wconf 76' lang='lat' dir='ltr'>editionem</span> <span class='ocrx_word' id='word_1_6' title='bbox 470 464 680 534; x_wconf 70' lang='lat' dir='ltr'>adornaverate</span> <span class='ocrx_word' id='word_1_7' title='bbox 702 463 750 523; x_wconf 88' lang='lat' dir='ltr'>bic</span> <span class='ocrx_word' id='word_1_8' title='bbox 763 464 934 523; x_wconf 80' lang='lat' dir='ltr'>Lectionum</span> <span class='ocrx_word' id='word_1_9' title='bbox 950 464 1194 531; x_wconf 78' lang='lat' dir='ltr'>Ausoniacartun</span> <span class='ocrx_word' id='word_1_10' title='bbox 1216 467 1248 527; x_wconf 74' lang='grc'>11·</span> 
     </span>
     <span class='ocr_line' id='line_1_3' title="bbox 155 558 1246 636; baseline 0.002 -18"><span class='ocrx_word' id='word_1_11' title='bbox 155 560 224 618; x_wconf 86' lang='lat' dir='ltr'>bros</span> <span class='ocrx_word' id='word_1_12' title='bbox 239 575 277 617; x_wconf 87' lang='lat'>11.</span> <span class='ocrx_word' id='word_1_13' title='bbox 290 558 329 617; x_wconf 93' lang='lat' dir='ltr'>ad</span> <span class='ocrx_word' id='word_1_14' title='bbox 341 559 386 618; x_wconf 99' lang='grc' dir='ltr'>ΕΙ.</span> <span class='ocrx_word' id='word_1_15' title='bbox 399 559 537 619; x_wconf 81' lang='lat' dir='ltr'>Vinctum</span> <span class='ocrx_word' id='word_1_16' title='bbox 547 559 712 636; x_wconf 82' lang='lat' dir='ltr'>publicarit</span> <span class='ocrx_word' id='word_1_17' title='bbox 725 567 813 627; x_wconf 85' lang='grc'><strong>1575.</strong></span> <span class='ocrx_word' id='word_1_18' title='bbox 823 570 854 619; x_wconf 92' lang='lat' dir='ltr'>et</span> <span class='ocrx_word' id='word_1_19' title='bbox 866 559 983 618; x_wconf 88' lang='lat' dir='ltr'>biennio</span> <span class='ocrx_word' id='word_1_20' title='bbox 994 569 1064 636; x_wconf 84' lang='lat' dir='ltr'>post</span> <span class='ocrx_word' id='word_1_21' title='bbox 1075 562 1246 621; x_wconf 78' lang='lat' dir='ltr'>Ausonium</span> 
     </span>
     <span class='ocr_line' id='line_1_4' title="bbox 154 653 1248 735; baseline 0.004 -22"><span class='ocrx_word' id='word_1_22' title='bbox 154 674 173 713; x_wconf 89' lang='lat' dir='ltr'>a</span> <span class='ocrx_word' id='word_1_23' title='bbox 187 674 217 713; x_wconf 90' lang='lat' dir='ltr'>se</span> <span class='ocrx_word' id='word_1_24' title='bbox 231 654 407 712; x_wconf 84' lang='lat' dir='ltr'>recensitum</span> <span class='ocrx_word' id='word_1_25' title='bbox 421 673 438 712; x_wconf 89' lang='lat' dir='ltr'>a</span> <span class='ocrx_word' id='word_1_26' title='bbox 454 654 524 714; x_wconf 89' lang='lat' dir='ltr'>Seb.</span> <span class='ocrx_word' id='word_1_27' title='bbox 538 654 674 732; x_wconf 84' lang='lat' dir='ltr'>Gryphio</span> <span class='ocrx_word' id='word_1_28' title='bbox 688 653 835 713; x_wconf 88' lang='lat' dir='ltr'>edendum</span> <span class='ocrx_word' id='word_1_29' title='bbox 858 655 980 714; x_wconf 84' lang='lat' dir='ltr'>curavit.</span> <span class='ocrx_word' id='word_1_30' title='bbox 1018 656 1096 714; x_wconf 86' lang='lat' dir='ltr'>Tum</span> <span class='ocrx_word' id='word_1_31' title='bbox 1124 676 1248 735; x_wconf 85' lang='lat' dir='ltr'>quoque</span> 
     </span>
     <span class='ocr_line' id='line_1_5' title="bbox 155 744 1247 826; baseline 0.002 -19"><span class='ocrx_word' id='word_1_32' title='bbox 155 749 202 807; x_wconf 87' lang='grc' dir='ltr'>ΕΙ.</span> <span class='ocrx_word' id='word_1_33' title='bbox 224 749 356 818; x_wconf 74' lang='lat' dir='ltr'>Vinctus,</span> <span class='ocrx_word' id='word_1_34' title='bbox 381 748 432 826; x_wconf 86' lang='lat' dir='ltr'>qui</span> <span class='ocrx_word' id='word_1_35' title='bbox 446 747 509 824; x_wconf 84' lang='lat' dir='ltr'>jam</span> <span class='ocrx_word' id='word_1_36' title='bbox 534 744 683 806; x_wconf 83' lang='lat' dir='ltr'>an.1565.</span> <span class='ocrx_word' id='word_1_37' title='bbox 704 747 831 805; x_wconf 87' lang='lat' dir='ltr'>libellum</span> <span class='ocrx_word' id='word_1_38' title='bbox 855 746 894 808; x_wconf 93' lang='lat' dir='ltr'>de</span> <span class='ocrx_word' id='word_1_39' title='bbox 913 749 997 809; x_wconf 85' lang='lat' dir='ltr'>claris</span> <span class='ocrx_word' id='word_1_40' title='bbox 1022 750 1148 809; x_wconf 75' lang='lat' dir='ltr'>urbibus</span> <span class='ocrx_word' id='word_1_41' title='bbox 1170 770 1247 810; x_wconf 85' lang='lat' dir='ltr'>noro</span> 
     </span>
     <span class='ocr_line' id='line_1_6' title="bbox 154 841 1245 911; baseline 0.002 -10"><span class='ocrx_word' id='word_1_42' title='bbox 154 841 369 902; x_wconf 85' lang='lat' dir='ltr'>Commentario</span> <span class='ocrx_word' id='word_1_43' title='bbox 383 841 557 902; x_wconf 85' lang='lat' dir='ltr'>illustratum</span> <span class='ocrx_word' id='word_1_44' title='bbox 572 842 696 901; x_wconf 77' lang='lat' dir='ltr'>Pictoris</span> <span class='ocrx_word' id='word_1_45' title='bbox 704 841 848 911; x_wconf 84' lang='lat' dir='ltr'>ediderat,</span> <span class='ocrx_word' id='word_1_46' title='bbox 858 843 954 902; x_wconf 90' lang='lat' dir='ltr'>denuo</span> <span class='ocrx_word' id='word_1_47' title='bbox 968 843 1136 904; x_wconf 79' lang='lat' dir='ltr'>Ausonium</span> <span class='ocrx_word' id='word_1_48' title='bbox 1151 865 1189 903; x_wconf 82' lang='lat' dir='ltr'>ex</span> <span class='ocrx_word' id='word_1_49' title='bbox 1198 845 1245 904; x_wconf 84' lang='lat' dir='ltr'>ed.</span> 
     </span>
     <span class='ocr_line' id='line_1_7' title="bbox 155 936 1245 1016; baseline 0.004 -21"><span class='ocrx_word' id='word_1_50' title='bbox 155 937 343 997; x_wconf 83' lang='lat' dir='ltr'>Tornaesiana</span> <span class='ocrx_word' id='word_1_51' title='bbox 357 936 513 1014; x_wconf 79' lang='lat' dir='ltr'>pleniorem</span> <span class='ocrx_word' id='word_1_52' title='bbox 527 941 550 995; x_wconf 93' lang='grc' dir='ltr'>1Ι</span> <span class='ocrx_word' id='word_1_53' title='bbox 561 958 594 996; x_wconf 85' lang='lat' dir='ltr'>se</span> <span class='ocrx_word' id='word_1_54' title='bbox 619 937 789 996; x_wconf 71' lang='lat' dir='ltr'>moenaitum</span> <span class='ocrx_word' id='word_1_55' title='bbox 803 936 896 996; x_wconf 82' lang='lat' dir='ltr'>edidit</span> <span class='ocrx_word' id='word_1_56' title='bbox 916 939 1102 1016; x_wconf 77' lang='lat' dir='ltr'>Bnrdigalae3</span> <span class='ocrx_word' id='word_1_57' title='bbox 1124 950 1157 998; x_wconf 85' lang='lat' dir='ltr'>et</span> <span class='ocrx_word' id='word_1_58' title='bbox 1171 959 1245 1015; x_wconf 80' lang='lat' dir='ltr'>qus·</span> 
     </span>
     <span class='ocr_line' id='line_1_8' title="bbox 153 1031 1243 1110; baseline 0.004 -20"><span class='ocrx_word' id='word_1_59' title='bbox 153 1042 222 1091; x_wconf 90' lang='lat' dir='ltr'>tuor</span> <span class='ocrx_word' id='word_1_60' title='bbox 242 1032 417 1108; x_wconf 81' lang='lat' dir='ltr'>pout-annis</span> <span class='ocrx_word' id='word_1_61' title='bbox 436 1033 694 1102; x_wconf 77' lang='lat' dir='ltr'>commentarium,</span> <span class='ocrx_word' id='word_1_62' title='bbox 709 1031 738 1089; x_wconf 91' lang='lat' dir='ltr'>iu</span> <span class='ocrx_word' id='word_1_63' title='bbox 753 1052 839 1108; x_wconf 87' lang='lat' dir='ltr'>quem</span> <span class='ocrx_word' id='word_1_64' title='bbox 855 1034 946 1092; x_wconf 89' lang='lat' dir='ltr'>multa</span> <span class='ocrx_word' id='word_1_65' title='bbox 969 1032 1006 1092; x_wconf 86' lang='lat' dir='ltr'>da</span> <span class='ocrx_word' id='word_1_66' title='bbox 1026 1034 1171 1110; x_wconf 74' lang='lat' dir='ltr'>scaligeri</span> <span class='ocrx_word' id='word_1_67' title='bbox 1186 1035 1243 1094; x_wconf 83' lang='lat' dir='ltr'>lec·</span> 
     </span>
     <span class='ocr_line' id='line_1_9' title="bbox 155 1126 1242 1206; baseline 0.003 -21"><span class='ocrx_word' id='word_1_68' title='bbox 155 1126 283 1185; x_wconf 74' lang='lat' dir='ltr'>tionibus</span> <span class='ocrx_word' id='word_1_69' title='bbox 298 1126 473 1185; x_wconf 78' lang='lat' dir='ltr'>Ausoniauis</span> <span class='ocrx_word' id='word_1_70' title='bbox 488 1127 677 1202; x_wconf 74' lang='lat' dir='ltr'>transcripsit.</span> <span class='ocrx_word' id='word_1_71' title='bbox 721 1127 799 1185; x_wconf 87' lang='lat' dir='ltr'>Hinc</span> <span class='ocrx_word' id='word_1_72' title='bbox 814 1126 921 1186; x_wconf 83' lang='lat' dir='ltr'>sarcilia</span> <span class='ocrx_word' id='word_1_73' title='bbox 941 1126 1106 1187; x_wconf 85' lang='lat' dir='ltr'>editionum</span> <span class='ocrx_word' id='word_1_74' title='bbox 1120 1129 1242 1206; x_wconf 80' lang='lat' dir='ltr'>duplex,</span> 
     </span>
     <span class='ocr_line' id='line_1_10' title="bbox 153 1220 1242 1301; baseline 0.005 -22"><span class='ocrx_word' id='word_1_75' title='bbox 153 1221 244 1288; x_wconf 88' lang='lat' dir='ltr'>altera</span> <span class='ocrx_word' id='word_1_76' title='bbox 265 1220 372 1289; x_wconf 82' lang='lat' dir='ltr'>vineti,</span> <span class='ocrx_word' id='word_1_77' title='bbox 395 1220 607 1297; x_wconf 82' lang='lat' dir='ltr'>Burdigalenais</span> <span class='ocrx_word' id='word_1_78' title='bbox 624 1236 647 1279; x_wconf 92' lang='lat'>1.</span> <span class='ocrx_word' id='word_1_79' title='bbox 661 1220 751 1278; x_wconf 90' lang='lat' dir='ltr'>altera</span> <span class='ocrx_word' id='word_1_80' title='bbox 775 1220 924 1298; x_wconf 87' lang='lat' dir='ltr'>Scaligeri,</span> <span class='ocrx_word' id='word_1_81' title='bbox 944 1223 1140 1301; x_wconf 83' lang='lat' dir='ltr'>Gryphianae,</span> <span class='ocrx_word' id='word_1_82' title='bbox 1154 1225 1242 1284; x_wconf 84' lang='lat' dir='ltr'>Com·</span> 
     </span>
     <span class='ocr_line' id='line_1_11' title="bbox 152 1315 1241 1393; baseline 0.005 -19"><span class='ocrx_word' id='word_1_83' title='bbox 152 1315 313 1386; x_wconf 84' lang='lat' dir='ltr'>meliniaoa,</span> <span class='ocrx_word' id='word_1_84' title='bbox 328 1316 523 1385; x_wconf 65' lang='lat' dir='ltr'>Genevenses</span> <span class='ocrx_word' id='word_1_85' title='bbox 538 1334 619 1374; x_wconf 81' lang='lat' dir='ltr'>norae</span> <span class='ocrx_word' id='word_1_86' title='bbox 635 1315 833 1386; x_wconf 83' lang='lat' dir='ltr'>Plautinianae,</span> <span class='ocrx_word' id='word_1_87' title='bbox 843 1317 936 1393; x_wconf 87' lang='lat' dir='ltr'>(prior</span> <span class='ocrx_word' id='word_1_88' title='bbox 948 1318 1025 1376; x_wconf 88' lang='lat' dir='ltr'>enim</span> <span class='ocrx_word' id='word_1_89' title='bbox 1040 1336 1112 1376; x_wconf 87' lang='lat' dir='ltr'>cura</span> <span class='ocrx_word' id='word_1_90' title='bbox 1125 1318 1241 1379; x_wconf 85' lang='lat' dir='ltr'>Theod.</span> 
     </span>
     <span class='ocr_line' id='line_1_12' title="bbox 152 1408 1242 1488; baseline 0.004 -21"><span class='ocrx_word' id='word_1_91' title='bbox 152 1409 305 1468; x_wconf 84' lang='lat' dir='ltr'>Pulcranni</span> <span class='ocrx_word' id='word_1_92' title='bbox 318 1420 347 1469; x_wconf 88' lang='lat' dir='ltr'>et</span> <span class='ocrx_word' id='word_1_93' title='bbox 362 1429 428 1468; x_wconf 82' lang='lat' dir='ltr'>cunr</span> <span class='ocrx_word' id='word_1_94' title='bbox 443 1410 508 1486; x_wconf 85' lang='lat' dir='ltr'>ejus</span> <span class='ocrx_word' id='word_1_95' title='bbox 521 1410 642 1469; x_wconf 80' lang='lat' dir='ltr'>scholiis</span> <span class='ocrx_word' id='word_1_96' title='bbox 656 1408 829 1485; x_wconf 64' lang='lat' dir='ltr'>prodierat)</span> <span class='ocrx_word' id='word_1_97' title='bbox 843 1421 914 1470; x_wconf 88' lang='lat' dir='ltr'>cett.</span> <span class='ocrx_word' id='word_1_98' title='bbox 929 1410 974 1469; x_wconf 86' lang='lat' dir='ltr'>vel</span> <span class='ocrx_word' id='word_1_99' title='bbox 995 1410 1150 1488; x_wconf 83' lang='lat' dir='ltr'>utriusque</span> <span class='ocrx_word' id='word_1_100' title='bbox 1167 1413 1242 1471; x_wconf 82' lang='lat' dir='ltr'>bona</span> 
     </span>
     <span class='ocr_line' id='line_1_13' title="bbox 153 1503 1241 1581; baseline 0.004 -19"><span class='ocrx_word' id='word_1_101' title='bbox 153 1503 313 1579; x_wconf 88' lang='lat' dir='ltr'>conjuncta</span> <span class='ocrx_word' id='word_1_102' title='bbox 326 1513 404 1572; x_wconf 75' lang='lat' dir='ltr'>suot,</span> <span class='ocrx_word' id='word_1_103' title='bbox 419 1504 460 1561; x_wconf 90' lang='lat' dir='ltr'>uti</span> <span class='ocrx_word' id='word_1_104' title='bbox 473 1505 500 1561; x_wconf 94' lang='lat' dir='ltr'>in</span> <span class='ocrx_word' id='word_1_105' title='bbox 516 1503 855 1581; x_wconf 75' lang='lat' dir='ltr'>edd.&#39;Burdigalensibus</span> <span class='ocrx_word' id='word_1_106' title='bbox 870 1514 939 1580; x_wconf 85' lang='lat' dir='ltr'>pust</span> <span class='ocrx_word' id='word_1_107' title='bbox 952 1504 1014 1565; x_wconf 86' lang='lat' dir='ltr'>fata</span> <span class='ocrx_word' id='word_1_108' title='bbox 1031 1506 1132 1565; x_wconf 83' lang='lat' dir='ltr'>Vioeti</span> <span class='ocrx_word' id='word_1_109' title='bbox 1154 1507 1241 1566; x_wconf 81' lang='lat' dir='ltr'>editis</span> 
     </span>
     <span class='ocr_line' id='line_1_14' title="bbox 154 1597 1241 1680; baseline 0.006 -25"><span class='ocrx_word' id='word_1_110' title='bbox 154 1605 242 1666; x_wconf 86' lang='grc'><strong>1590.</strong></span> <span class='ocrx_word' id='word_1_111' title='bbox 262 1607 389 1668; x_wconf 84' lang='grc'><strong>159811</strong></span> <span class='ocrx_word' id='word_1_112' title='bbox 407 1597 493 1659; x_wconf 90' lang='grc'><strong>1604.</strong></span> <span class='ocrx_word' id='word_1_113' title='bbox 535 1599 678 1677; x_wconf 79' lang='lat' dir='ltr'>Singulari</span> <span class='ocrx_word' id='word_1_114' title='bbox 696 1599 783 1658; x_wconf 88' lang='lat' dir='ltr'>etiam</span> <span class='ocrx_word' id='word_1_115' title='bbox 805 1619 857 1658; x_wconf 88' lang='lat' dir='ltr'>sua</span> <span class='ocrx_word' id='word_1_116' title='bbox 870 1600 1005 1660; x_wconf 87' lang='lat' dir='ltr'>doctrina</span> <span class='ocrx_word' id='word_1_117' title='bbox 1020 1601 1121 1680; x_wconf 87' lang='lat' dir='ltr'>Marq.</span> <span class='ocrx_word' id='word_1_118' title='bbox 1137 1603 1241 1662; x_wconf 63' lang='lat' dir='ltr'>Frobe</span> 
     </span>
     <span class='ocr_line' id='line_1_15' title="bbox 151 1693 1240 1767; baseline 0.006 -16"><span class='ocrx_word' id='word_1_119' title='bbox 151 1713 211 1766; x_wconf 86' lang='lat' dir='ltr'>rus,</span> <span class='ocrx_word' id='word_1_120' title='bbox 226 1696 311 1754; x_wconf 85' lang='lat' dir='ltr'>Jctua</span> <span class='ocrx_word' id='word_1_121' title='bbox 324 1704 353 1754; x_wconf 85' lang='lat' dir='ltr'>et</span> <span class='ocrx_word' id='word_1_122' title='bbox 367 1695 523 1756; x_wconf 84' lang='lat' dir='ltr'>historicus</span> <span class='ocrx_word' id='word_1_123' title='bbox 538 1695 694 1767; x_wconf 85' lang='lat' dir='ltr'>Palatinus,</span> <span class='ocrx_word' id='word_1_124' title='bbox 711 1695 866 1756; x_wconf 83' lang='lat' dir='ltr'>Mosellam</span> <span class='ocrx_word' id='word_1_125' title='bbox 880 1695 1033 1756; x_wconf 83' lang='lat' dir='ltr'>illustravit</span> <span class='ocrx_word' id='word_1_126' title='bbox 1049 1693 1141 1766; x_wconf 87' lang='lat'>1619.</span> <span class='ocrx_word' id='word_1_127' title='bbox 1184 1698 1240 1757; x_wconf 84' lang='lat' dir='ltr'>Ce-</span> 
     </span>
     <span class='ocr_line' id='line_1_16' title="bbox 154 1791 1176 1852; baseline 0.009 -4"><span class='ocrx_word' id='word_1_128' title='bbox 154 1799 232 1849; x_wconf 86' lang='lat' dir='ltr'>teros</span> <span class='ocrx_word' id='word_1_129' title='bbox 242 1791 362 1851; x_wconf 83' lang='lat' dir='ltr'>exhibet</span> <span class='ocrx_word' id='word_1_130' title='bbox 376 1791 480 1852; x_wconf 85' lang='lat' dir='ltr'>lodex.</span> <span class='ocrx_word' id='word_1_131' title='bbox 1173 1824 1176 1828; x_wconf 92' lang='lat'>·</span> 
     </span>
    </p>

    <p class='ocr_par' dir='ltr' id='par_1_3' title="bbox 152 1882 1241 2058">
     <span class='ocr_line' id='line_1_17' title="bbox 194 1882 1241 1966; baseline 0.003 -22"><span class='ocrx_word' id='word_1_132' title='bbox 194 1894 267 1946; x_wconf 87' lang='grc'><strong>1551</strong></span> <span class='ocrx_word' id='word_1_133' title='bbox 291 1885 381 1946; x_wconf 87' lang='lat' dir='ltr'>Paris.</span> <span class='ocrx_word' id='word_1_134' title='bbox 397 1895 425 1947; x_wconf 84' lang='grc'>8.</span> <span class='ocrx_word' id='word_1_135' title='bbox 440 1907 477 1945; x_wconf 81' lang='lat' dir='ltr'>ex</span> <span class='ocrx_word' id='word_1_136' title='bbox 497 1886 684 1964; x_wconf 76' lang='lat' dir='ltr'>castigatione</span> <span class='ocrx_word' id='word_1_137' title='bbox 698 1885 744 1944; x_wconf 89' lang='grc' dir='ltr'>ΕΙ.</span> <span class='ocrx_word' id='word_1_138' title='bbox 758 1882 865 1955; x_wconf 84' lang='lat' dir='ltr'>vineti,</span> <span class='ocrx_word' id='word_1_139' title='bbox 886 1895 1008 1946; x_wconf 85' lang='lat' dir='ltr'>curante</span> <span class='ocrx_word' id='word_1_140' title='bbox 1019 1886 1086 1945; x_wconf 89' lang='lat' dir='ltr'>Jac.</span> <span class='ocrx_word' id='word_1_141' title='bbox 1107 1887 1241 1966; x_wconf 76' lang='lat' dir='ltr'>Gupylo,</span> 
     </span>
     <span class='ocr_line' id='line_1_18' title="bbox 152 1979 537 2058; baseline 0 -18"><span class='ocrx_word' id='word_1_142' title='bbox 152 1979 284 2053; x_wconf 79' lang='lat' dir='ltr'>Pictore,</span> <span class='ocrx_word' id='word_1_143' title='bbox 298 1981 406 2058; x_wconf 86' lang='lat' dir='ltr'>(Vineti</span> <span class='ocrx_word' id='word_1_144' title='bbox 415 1982 537 2057; x_wconf 88' lang='lat' dir='ltr'>amico.)</span> 
     </span>
    </p>

    <p class='ocr_par' dir='ltr' id='par_1_4' title="bbox 193 2077 644 2156">
     <span class='ocr_line' id='line_1_19' title="bbox 193 2077 644 2156; baseline 0.004 -21"><span class='ocrx_word' id='word_1_145' title='bbox 193 2085 269 2144; x_wconf 78' lang='lat'>1557</span> <span class='ocrx_word' id='word_1_146' title='bbox 289 2078 388 2156; x_wconf 77' lang='lat' dir='ltr'>Lugd.</span> <span class='ocrx_word' id='word_1_147' title='bbox 403 2077 524 2140; x_wconf 76' lang='grc'><strong>1111.</strong></span> <span class='ocrx_word' id='word_1_148' title='bbox 539 2077 644 2137; x_wconf 74' lang='lat' dir='ltr'>uniret.</span> 
     </span>
    </p>

    <p class='ocr_par' dir='ltr' id='par_1_5' title="bbox 148 2170 1240 3089">
     <span class='ocr_line' id='line_1_20' title="bbox 197 2170 1240 2251; baseline 0.002 -21"><span class='ocrx_word' id='word_1_149' title='bbox 197 2179 272 2231; x_wconf 89' lang='grc'><strong>1558</strong></span> <span class='ocrx_word' id='word_1_150' title='bbox 295 2170 391 2249; x_wconf 89' lang='lat' dir='ltr'>Lugd.</span> <span class='ocrx_word' id='word_1_151' title='bbox 402 2172 554 2232; x_wconf 81' lang='lat' dir='ltr'>Tornaesii.</span> <span class='ocrx_word' id='word_1_152' title='bbox 588 2174 662 2232; x_wconf 80' lang='lat' dir='ltr'>Hac</span> <span class='ocrx_word' id='word_1_153' title='bbox 675 2172 724 2233; x_wconf 87' lang='lat' dir='ltr'>ed.</span> <span class='ocrx_word' id='word_1_154' title='bbox 738 2173 825 2233; x_wconf 87' lang='lat' dir='ltr'>tertia</span> <span class='ocrx_word' id='word_1_155' title='bbox 839 2184 921 2250; x_wconf 87' lang='lat' dir='ltr'>parte</span> <span class='ocrx_word' id='word_1_156' title='bbox 936 2172 1100 2232; x_wconf 83' lang='lat' dir='ltr'>auctiores</span> <span class='ocrx_word' id='word_1_157' title='bbox 1121 2192 1240 2251; x_wconf 77' lang='lat' dir='ltr'>separa·</span> 
     </span>
     <span class='ocr_line' id='line_1_21' title="bbox 153 2266 1239 2347; baseline 0.003 -22"><span class='ocrx_word' id='word_1_158' title='bbox 153 2267 206 2326; x_wconf 91' lang='lat' dir='ltr'>tim</span> <span class='ocrx_word' id='word_1_159' title='bbox 226 2266 437 2343; x_wconf 63' lang='lat' dir='ltr'>exhibetque·</span> <span class='ocrx_word' id='word_1_160' title='bbox 460 2268 565 2347; x_wconf 86' lang='lat' dir='ltr'>Steph.</span> <span class='ocrx_word' id='word_1_161' title='bbox 586 2269 762 2347; x_wconf 86' lang='lat' dir='ltr'>Charpinus,</span> <span class='ocrx_word' id='word_1_162' title='bbox 777 2269 981 2346; x_wconf 86' lang='lat' dir='ltr'>Lugdunensis</span> <span class='ocrx_word' id='word_1_163' title='bbox 1003 2267 1137 2328; x_wconf 84' lang='lat' dir='ltr'>ecclcsiae</span> <span class='ocrx_word' id='word_1_164' title='bbox 1154 2270 1239 2328; x_wconf 83' lang='lat' dir='ltr'>Prcs·</span> 
     </span>
     <span class='ocr_line' id='line_1_22' title="bbox 150 2360 1240 2439; baseline 0.001 -19"><span class='ocrx_word' id='word_1_165' title='bbox 150 2362 245 2439; x_wconf 80' lang='lat' dir='ltr'>byter,</span> <span class='ocrx_word' id='word_1_166' title='bbox 259 2380 276 2419; x_wconf 88' lang='lat' dir='ltr'>e</span> <span class='ocrx_word' id='word_1_167' title='bbox 290 2361 454 2438; x_wconf 85' lang='lat' dir='ltr'>perantiqui</span> <span class='ocrx_word' id='word_1_168' title='bbox 466 2363 572 2421; x_wconf 84' lang='lat' dir='ltr'>lnsulac</span> <span class='ocrx_word' id='word_1_169' title='bbox 586 2364 720 2423; x_wconf 74' lang='lat' dir='ltr'>Barbara</span> <span class='ocrx_word' id='word_1_170' title='bbox 733 2363 867 2423; x_wconf 85' lang='lat' dir='ltr'>Cmnobii</span> <span class='ocrx_word' id='word_1_171' title='bbox 875 2362 1052 2422; x_wconf 86' lang='lat' dir='ltr'>bibliotheca</span> <span class='ocrx_word' id='word_1_172' title='bbox 1059 2360 1147 2433; x_wconf 88' lang='lat' dir='ltr'>eruit,</span> <span class='ocrx_word' id='word_1_173' title='bbox 1156 2360 1240 2437; x_wconf 84' lang='lat' dir='ltr'>ejus·</span> 
     </span>
     <span class='ocr_line' id='line_1_23' title="bbox 150 2454 1239 2534; baseline -0.001 -19"><span class='ocrx_word' id='word_1_174' title='bbox 150 2455 278 2534; x_wconf 86' lang='lat' dir='ltr'>demque</span> <span class='ocrx_word' id='word_1_175' title='bbox 290 2456 422 2514; x_wconf 74' lang='lat' dir='ltr'>ecclesia</span> <span class='ocrx_word' id='word_1_176' title='bbox 436 2457 543 2516; x_wconf 88' lang='lat' dir='ltr'>Comes</span> <span class='ocrx_word' id='word_1_177' title='bbox 557 2457 638 2516; x_wconf 87' lang='lat' dir='ltr'>Guil.</span> <span class='ocrx_word' id='word_1_178' title='bbox 652 2458 689 2516; x_wconf 91' lang='lat' dir='ltr'>de</span> <span class='ocrx_word' id='word_1_179' title='bbox 702 2456 730 2515; x_wconf 92' lang='lat' dir='ltr'>la</span> <span class='ocrx_word' id='word_1_180' title='bbox 742 2459 835 2533; x_wconf 83' lang='lat' dir='ltr'>Barge</span> <span class='ocrx_word' id='word_1_181' title='bbox 850 2456 879 2515; x_wconf 90' lang='lat' dir='ltr'>in</span> <span class='ocrx_word' id='word_1_182' title='bbox 894 2456 989 2515; x_wconf 88' lang='lat' dir='ltr'>lucem</span> <span class='ocrx_word' id='word_1_183' title='bbox 1004 2454 1108 2515; x_wconf 86' lang='lat' dir='ltr'>edidit.</span> <span class='ocrx_word' id='word_1_184' title='bbox 1151 2456 1239 2516; x_wconf 85' lang='lat' dir='ltr'>Scili-</span> 
     </span>
     <span class='ocr_line' id='line_1_24' title="bbox 153 2550 1239 2628; baseline 0 -18"><span class='ocrx_word' id='word_1_185' title='bbox 153 2561 201 2610; x_wconf 90' lang='lat' dir='ltr'>cet</span> <span class='ocrx_word' id='word_1_186' title='bbox 215 2562 320 2628; x_wconf 77' lang='lat' dir='ltr'>prater</span> <span class='ocrx_word' id='word_1_187' title='bbox 334 2551 565 2628; x_wconf 86' lang='lat' dir='ltr'>Ephemeridem,</span> <span class='ocrx_word' id='word_1_188' title='bbox 579 2551 751 2623; x_wconf 82' lang='lat' dir='ltr'>Parentalia,</span> <span class='ocrx_word' id='word_1_189' title='bbox 763 2551 1076 2611; x_wconf 80' lang='lat' dir='ltr'>commemorationem</span> <span class='ocrx_word' id='word_1_190' title='bbox 1086 2550 1239 2610; x_wconf 82' lang='lat' dir='ltr'>Professo-</span> 
     </span>
     <span class='ocr_line' id='line_1_25' title="bbox 152 2645 1239 2725; baseline -0.002 -20"><span class='ocrx_word' id='word_1_191' title='bbox 152 2666 215 2705; x_wconf 89' lang='lat' dir='ltr'>rum</span> <span class='ocrx_word' id='word_1_192' title='bbox 231 2645 491 2724; x_wconf 81' lang='lat' dir='ltr'>Burdigalenaium,</span> <span class='ocrx_word' id='word_1_193' title='bbox 507 2649 635 2706; x_wconf 88' lang='lat' dir='ltr'>Heroum</span> <span class='ocrx_word' id='word_1_194' title='bbox 651 2647 816 2725; x_wconf 86' lang='lat' dir='ltr'>Epitaphia,</span> <span class='ocrx_word' id='word_1_195' title='bbox 830 2647 1024 2724; x_wconf 86' lang='lat' dir='ltr'>nonnullaque</span> <span class='ocrx_word' id='word_1_196' title='bbox 1036 2647 1239 2723; x_wconf 84' lang='lat' dir='ltr'>Epigramma·</span> 
     </span>
     <span class='ocr_line' id='line_1_26' title="bbox 150 2740 1238 2821; baseline -0.003 -19"><span class='ocrx_word' id='word_1_197' title='bbox 150 2751 190 2813; x_wconf 89' lang='lat' dir='ltr'>ta,</span> <span class='ocrx_word' id='word_1_198' title='bbox 205 2743 273 2802; x_wconf 86' lang='lat' dir='ltr'>huic</span> <span class='ocrx_word' id='word_1_199' title='bbox 286 2742 334 2802; x_wconf 92' lang='lat' dir='ltr'>ed.</span> <span class='ocrx_word' id='word_1_200' title='bbox 356 2761 504 2811; x_wconf 82' lang='lat' dir='ltr'>accessere</span> <span class='ocrx_word' id='word_1_201' title='bbox 520 2743 662 2821; x_wconf 69' lang='lat' dir='ltr'>Epistola</span> <span class='ocrx_word' id='word_1_202' title='bbox 680 2743 717 2800; x_wconf 88' lang='lat' dir='ltr'>ad</span> <span class='ocrx_word' id='word_1_203' title='bbox 733 2751 844 2819; x_wconf 87' lang='lat' dir='ltr'>patrem</span> <span class='ocrx_word' id='word_1_204' title='bbox 859 2743 896 2799; x_wconf 91' lang='lat' dir='ltr'>de</span> <span class='ocrx_word' id='word_1_205' title='bbox 911 2742 982 2810; x_wconf 84' lang='lat' dir='ltr'>lilio,</span> <span class='ocrx_word' id='word_1_206' title='bbox 997 2740 1034 2800; x_wconf 89' lang='lat' dir='ltr'>ad</span> <span class='ocrx_word' id='word_1_207' title='bbox 1050 2741 1238 2817; x_wconf 87' lang='lat' dir='ltr'>Hesperium,</span> 
     </span>
     <span class='ocr_line' id='line_1_27' title="bbox 150 2836 1236 2915; baseline -0.001 -18"><span class='ocrx_word' id='word_1_208' title='bbox 150 2841 240 2915; x_wconf 81' lang='lat' dir='ltr'>patris</span> <span class='ocrx_word' id='word_1_209' title='bbox 254 2840 291 2899; x_wconf 87' lang='lat' dir='ltr'>ad</span> <span class='ocrx_word' id='word_1_210' title='bbox 307 2839 407 2909; x_wconf 87' lang='lat' dir='ltr'>lilium,</span> <span class='ocrx_word' id='word_1_211' title='bbox 423 2839 460 2898; x_wconf 90' lang='lat' dir='ltr'>ad</span> <span class='ocrx_word' id='word_1_212' title='bbox 475 2839 627 2897; x_wconf 75' lang='lat' dir='ltr'>Thoonem</span> <span class='ocrx_word' id='word_1_213' title='bbox 642 2838 779 2907; x_wconf 85' lang='lat' dir='ltr'>secunda,</span> <span class='ocrx_word' id='word_1_214' title='bbox 796 2838 890 2906; x_wconf 85' lang='lat' dir='ltr'>tertis,</span> <span class='ocrx_word' id='word_1_215' title='bbox 900 2847 928 2895; x_wconf 86' lang='lat' dir='ltr'>et</span> <span class='ocrx_word' id='word_1_216' title='bbox 941 2845 1053 2913; x_wconf 82' lang='lat' dir='ltr'>quarta,</span> <span class='ocrx_word' id='word_1_217' title='bbox 1062 2836 1099 2894; x_wconf 91' lang='lat' dir='ltr'>ad</span> <span class='ocrx_word' id='word_1_218' title='bbox 1111 2836 1236 2896; x_wconf 83' lang='lat' dir='ltr'>Paulum</span> 
     </span>
     <span class='ocr_line' id='line_1_28' title="bbox 149 2928 1236 3011; baseline 0.001 -20"><span class='ocrx_word' id='word_1_219' title='bbox 149 2935 186 2992; x_wconf 93' lang='lat' dir='ltr'>de</span> <span class='ocrx_word' id='word_1_220' title='bbox 208 2934 336 2996; x_wconf 83' lang='lat' dir='ltr'>Ostreis:</span> <span class='ocrx_word' id='word_1_221' title='bbox 358 2945 452 2994; x_wconf 87' lang='lat' dir='ltr'>totum</span> <span class='ocrx_word' id='word_1_222' title='bbox 472 2934 597 3011; x_wconf 86' lang='lat' dir='ltr'>denique</span> <span class='ocrx_word' id='word_1_223' title='bbox 619 2934 814 3011; x_wconf 87' lang='lat' dir='ltr'>Eclogarium,</span> <span class='ocrx_word' id='word_1_224' title='bbox 830 2928 930 2991; x_wconf 83' lang='lat' dir='ltr'>dem&#39;to</span> <span class='ocrx_word' id='word_1_225' title='bbox 952 2933 1078 2992; x_wconf 89' lang='lat' dir='ltr'>carmine</span> <span class='ocrx_word' id='word_1_226' title='bbox 1092 2931 1131 2992; x_wconf 89' lang='lat' dir='ltr'>de</span> <span class='ocrx_word' id='word_1_227' title='bbox 1145 2933 1236 3011; x_wconf 82' lang='lat' dir='ltr'>signis</span> 
     </span>
     <span class='ocr_line' id='line_1_29' title="bbox 148 3028 669 3089; baseline 0 -4"><span class='ocrx_word' id='word_1_228' title='bbox 148 3029 327 3089; x_wconf 85' lang='lat' dir='ltr'>coelestibns.</span> <span class='ocrx_word' id='word_1_229' title='bbox 368 3029 437 3088; x_wconf 90' lang='lat' dir='ltr'>Vid.</span> <span class='ocrx_word' id='word_1_230' title='bbox 451 3031 592 3088; x_wconf 84' lang='lat' dir='ltr'>Sucbaeus</span> <span class='ocrx_word' id='word_1_231' title='bbox 606 3028 626 3085; x_wconf 97' lang='lat' dir='ltr'>l.</span> <span class='ocrx_word' id='word_1_232' title='bbox 641 3047 669 3086; x_wconf 89' lang='lat' dir='ltr'>c.</span> 
     </span>
    </p>

    <p class='ocr_par' dir='ltr' id='par_1_6' title="bbox 146 3120 1233 3273">
     <span class='ocr_line' id='line_1_30' title="bbox 190 3120 1233 3201; baseline 0.007 -22"><span class='ocrx_word' id='word_1_233' title='bbox 190 3121 265 3182; x_wconf 85' lang='lat'>1565</span> <span class='ocrx_word' id='word_1_234' title='bbox 286 3123 422 3194; x_wconf 72' lang='lat' dir='ltr'>Platane,</span> <span class='ocrx_word' id='word_1_235' title='bbox 433 3142 482 3201; x_wconf 89' lang='lat' dir='ltr'>ap.</span> <span class='ocrx_word' id='word_1_236' title='bbox 497 3124 543 3184; x_wconf 89' lang='lat' dir='ltr'>Cl.</span> <span class='ocrx_word' id='word_1_237' title='bbox 553 3120 738 3182; x_wconf 82' lang='lat' dir='ltr'>Mamefium.</span> <span class='ocrx_word' id='word_1_238' title='bbox 765 3120 857 3180; x_wconf 79' lang='lat' dir='ltr'>Clarae</span> <span class='ocrx_word' id='word_1_239' title='bbox 867 3121 961 3180; x_wconf 85' lang='lat' dir='ltr'>Urbes</span> <span class='ocrx_word' id='word_1_240' title='bbox 976 3140 1045 3180; x_wconf 90' lang='lat' dir='ltr'>cum</span> <span class='ocrx_word' id='word_1_241' title='bbox 1055 3120 1176 3183; x_wconf 87' lang='lat' dir='ltr'>Comm.</span> <span class='ocrx_word' id='word_1_242' title='bbox 1188 3127 1233 3186; x_wconf 91' lang='grc' dir='ltr'>ΕΙ.</span> 
     </span>
     <span class='ocr_line' id='line_1_31' title="bbox 146 3214 251 3273; baseline 0.01 -1"><span class='ocrx_word' id='word_1_243' title='bbox 146 3214 251 3273; x_wconf 88' lang='lat' dir='ltr'>Vineti.</span> 
     </span>
    </p>

    <p class='ocr_par' dir='ltr' id='par_1_7' title="bbox 189 3310 1015 3388">
     <span class='ocr_line' id='line_1_32' title="bbox 189 3310 1015 3388; baseline 0.005 -21"><span class='ocrx_word' id='word_1_244' title='bbox 189 3310 265 3370; x_wconf 87' lang='grc'><strong>1568</strong></span> <span class='ocrx_word' id='word_1_245' title='bbox 286 3315 428 3388; x_wconf 84' lang='lat' dir='ltr'>Antverp.</span> <span class='ocrx_word' id='word_1_246' title='bbox 444 3312 492 3372; x_wconf 90' lang='grc'>16.</span> <span class='ocrx_word' id='word_1_247' title='bbox 507 3332 573 3372; x_wconf 91' lang='lat' dir='ltr'>cum</span> <span class='ocrx_word' id='word_1_248' title='bbox 586 3311 704 3372; x_wconf 89' lang='lat' dir='ltr'>Tbeod.</span> <span class='ocrx_word' id='word_1_249' title='bbox 719 3311 870 3370; x_wconf 86' lang='lat' dir='ltr'>Pulmanni</span> <span class='ocrx_word' id='word_1_250' title='bbox 884 3311 1015 3371; x_wconf 84' lang='lat' dir='ltr'>scholiis.</span> 
     </span>
    </p>

    <p class='ocr_par' dir='ltr' id='par_1_8' title="bbox 144 3405 1233 3666">
     <span class='ocr_line' id='line_1_33' title="bbox 188 3405 1233 3486; baseline 0.005 -22"><span class='ocrx_word' id='word_1_251' title='bbox 188 3408 262 3467; x_wconf 83' lang='grc'><strong>1578</strong></span> <span class='ocrx_word' id='word_1_252' title='bbox 284 3405 380 3483; x_wconf 84' lang='lat' dir='ltr'>Lugd.</span> <span class='ocrx_word' id='word_1_253' title='bbox 401 3408 463 3466; x_wconf 87' lang='lat' dir='ltr'>Jos.</span> <span class='ocrx_word' id='word_1_254' title='bbox 483 3408 622 3486; x_wconf 86' lang='lat' dir='ltr'>Scaligeri</span> <span class='ocrx_word' id='word_1_255' title='bbox 644 3408 874 3468; x_wconf 80' lang='lat' dir='ltr'>Ausonianarum</span> <span class='ocrx_word' id='word_1_256' title='bbox 904 3408 1061 3465; x_wconf 86' lang='lat' dir='ltr'>lectionum</span> <span class='ocrx_word' id='word_1_257' title='bbox 1084 3407 1150 3467; x_wconf 90' lang='lat' dir='ltr'>libri</span> <span class='ocrx_word' id='word_1_258' title='bbox 1172 3409 1233 3469; x_wconf 90' lang='lat' dir='ltr'>duo</span> 
     </span>
     <span class='ocr_line' id='line_1_34' title="bbox 145 3498 1232 3581; baseline 0.004 -22"><span class='ocrx_word' id='word_1_259' title='bbox 145 3498 184 3559; x_wconf 85' lang='lat' dir='ltr'>ad</span> <span class='ocrx_word' id='word_1_260' title='bbox 199 3499 289 3558; x_wconf 84' lang='lat' dir='ltr'>Elium</span> <span class='ocrx_word' id='word_1_261' title='bbox 311 3501 447 3561; x_wconf 84' lang='lat' dir='ltr'>Vinctum</span> <span class='ocrx_word' id='word_1_262' title='bbox 461 3502 502 3579; x_wconf 90' lang='lat' dir='ltr'>(in</span> <span class='ocrx_word' id='word_1_263' title='bbox 517 3522 642 3580; x_wconf 80' lang='lat' dir='ltr'>qrrorum</span> <span class='ocrx_word' id='word_1_264' title='bbox 664 3502 800 3581; x_wconf 84' lang='lat' dir='ltr'>postremi</span> <span class='ocrx_word' id='word_1_265' title='bbox 824 3501 923 3578; x_wconf 89' lang='lat' dir='ltr'>capite</span> <span class='ocrx_word' id='word_1_266' title='bbox 938 3502 1051 3572; x_wconf 88' lang='lat' dir='ltr'>ultimo,</span> <span class='ocrx_word' id='word_1_267' title='bbox 1066 3505 1167 3581; x_wconf 75' lang='lat' dir='ltr'>politas</span> <span class='ocrx_word' id='word_1_268' title='bbox 1182 3507 1232 3563; x_wconf 91' lang='lat' dir='ltr'>Vi-</span> 
     </span>
     <span class='ocr_line' id='line_1_35' title="bbox 144 3595 687 3666; baseline 0.011 -14"><span class='ocrx_word' id='word_1_269' title='bbox 144 3603 203 3652; x_wconf 85' lang='lat' dir='ltr'>tam</span> <span class='ocrx_word' id='word_1_270' title='bbox 218 3595 369 3655; x_wconf 87' lang='lat' dir='ltr'>suocincte</span> <span class='ocrx_word' id='word_1_271' title='bbox 383 3607 526 3656; x_wconf 87' lang='lat' dir='ltr'>narratam</span> <span class='ocrx_word' id='word_1_272' title='bbox 542 3598 687 3666; x_wconf 85' lang='lat' dir='ltr'>tradidit.)</span> 
     </span>
    </p>

    <p class='ocr_par' dir='ltr' id='par_1_9' title="bbox 144 3689 1229 3865">
     <span class='ocr_line' id='line_1_36' title="bbox 186 3689 1229 3771; baseline 0.008 -25"><span class='ocrx_word' id='word_1_273' title='bbox 186 3695 260 3755; x_wconf 89' lang='grc'><strong>1575</strong></span> <span class='ocrx_word' id='word_1_274' title='bbox 283 3689 378 3768; x_wconf 87' lang='lat' dir='ltr'>Lugd.</span> <span class='ocrx_word' id='word_1_275' title='bbox 395 3700 422 3751; x_wconf 91' lang='grc'>8.</span> <span class='ocrx_word' id='word_1_276' title='bbox 437 3711 486 3770; x_wconf 88' lang='lat' dir='ltr'>ap.</span> <span class='ocrx_word' id='word_1_277' title='bbox 509 3696 576 3755; x_wconf 80' lang='lat' dir='ltr'>Ant.</span> <span class='ocrx_word' id='word_1_278' title='bbox 593 3689 768 3767; x_wconf 74' lang='lat' dir='ltr'>Gryphium.</span> <span class='ocrx_word' id='word_1_279' title='bbox 784 3690 906 3748; x_wconf 87' lang='lat' dir='ltr'>Ausonii</span> <span class='ocrx_word' id='word_1_280' title='bbox 925 3709 1026 3769; x_wconf 87' lang='lat' dir='ltr'>opera,</span> <span class='ocrx_word' id='word_1_281' title='bbox 1045 3694 1229 3771; x_wconf 81' lang='lat' dir='ltr'>recognitae</span> 
     </span>
     <span class='ocr_line' id='line_1_37' title="bbox 144 3783 786 3865; baseline 0 -22"><span class='ocrx_word' id='word_1_282' title='bbox 144 3783 207 3843; x_wconf 87' lang='lat' dir='ltr'>Jos.</span> <span class='ocrx_word' id='word_1_283' title='bbox 222 3784 378 3860; x_wconf 76' lang='lat' dir='ltr'>scaligero,</span> <span class='ocrx_word' id='word_1_284' title='bbox 389 3805 456 3846; x_wconf 88' lang='lat' dir='ltr'>cum</span> <span class='ocrx_word' id='word_1_285' title='bbox 468 3788 565 3865; x_wconf 87' lang='lat' dir='ltr'>ejusd.</span> <span class='ocrx_word' id='word_1_286' title='bbox 579 3789 658 3845; x_wconf 77' lang='lat' dir='ltr'>lectt.</span> <span class='ocrx_word' id='word_1_287' title='bbox 674 3787 786 3843; x_wconf 85' lang='lat' dir='ltr'>Ausou.</span> 
     </span>
    </p>

    <p class='ocr_par' dir='ltr' id='par_1_10' title="bbox 183 3878 855 3943">
     <span class='ocr_line' id='line_1_38' title="bbox 183 3878 855 3943; baseline -0.003 -5"><span class='ocrx_word' id='word_1_288' title='bbox 183 3911 223 3925; x_wconf 94' lang='lat'>—</span> <span class='ocrx_word' id='word_1_289' title='bbox 243 3879 310 3938; x_wconf 83' lang='lat' dir='ltr'>aad.</span> <span class='ocrx_word' id='word_1_290' title='bbox 323 3880 395 3941; x_wconf 92' lang='lat' dir='ltr'>ibid.</span> <span class='ocrx_word' id='word_1_291' title='bbox 411 3891 459 3943; x_wconf 76' lang='lat'>24.</span> <span class='ocrx_word' id='word_1_292' title='bbox 474 3904 540 3943; x_wconf 89' lang='lat' dir='ltr'>curn</span> <span class='ocrx_word' id='word_1_293' title='bbox 553 3878 631 3938; x_wconf 81' lang='lat' dir='ltr'>Scal.</span> <span class='ocrx_word' id='word_1_294' title='bbox 646 3878 727 3938; x_wconf 86' lang='lat' dir='ltr'>lectt.</span> <span class='ocrx_word' id='word_1_295' title='bbox 744 3881 855 3938; x_wconf 79' lang='lat' dir='ltr'>Aaron.</span> 
     </span>
    </p>

    <p class='ocr_par' dir='ltr' id='par_1_11' title="bbox 141 3972 1228 4145">
     <span class='ocr_line' id='line_1_39' title="bbox 182 3972 1228 4052; baseline 0.006 -21"><span class='ocrx_word' id='word_1_296' title='bbox 182 4006 221 4018; x_wconf 89' lang='lat'>-</span> <span class='ocrx_word' id='word_1_297' title='bbox 242 3974 387 4052; x_wconf 87' lang='lat' dir='ltr'>Bnrdigal.</span> <span class='ocrx_word' id='word_1_298' title='bbox 404 3993 427 4037; x_wconf 88' lang='lat'>1.</span> <span class='ocrx_word' id='word_1_299' title='bbox 441 3972 535 4038; x_wconf 80' lang='lat' dir='ltr'>Vincti</span> <span class='ocrx_word' id='word_1_300' title='bbox 555 3990 602 4048; x_wconf 88' lang='lat' dir='ltr'>ap.</span> <span class='ocrx_word' id='word_1_301' title='bbox 618 3972 784 4051; x_wconf 84' lang='lat' dir='ltr'>Millanges,</span> <span class='ocrx_word' id='word_1_302' title='bbox 798 3984 828 4034; x_wconf 87' lang='grc'>4.</span> <span class='ocrx_word' id='word_1_303' title='bbox 845 3993 915 4034; x_wconf 87' lang='lat' dir='ltr'>cura</span> <span class='ocrx_word' id='word_1_304' title='bbox 929 3973 980 4032; x_wconf 86' lang='lat' dir='ltr'>riri</span> <span class='ocrx_word' id='word_1_305' title='bbox 993 3973 1074 4033; x_wconf 91' lang='lat' dir='ltr'>docti</span> <span class='ocrx_word' id='word_1_306' title='bbox 1090 3975 1164 4035; x_wconf 79' lang='lat' dir='ltr'>Elim</span> <span class='ocrx_word' id='word_1_307' title='bbox 1176 3979 1228 4037; x_wconf 89' lang='lat' dir='ltr'>Vi·</span> 
     </span>
     <span class='ocr_line' id='line_1_40' title="bbox 141 4060 745 4145; baseline 0.007 -22"><span class='ocrx_word' id='word_1_308' title='bbox 141 4060 207 4126; x_wconf 80' lang='lat' dir='ltr'>neti.</span> <span class='ocrx_word' id='word_1_309' title='bbox 249 4070 347 4130; x_wconf 79' lang='lat' dir='ltr'>Serius</span> <span class='ocrx_word' id='word_1_310' title='bbox 360 4072 400 4130; x_wconf 84' lang='lat' dir='ltr'>ob</span> <span class='ocrx_word' id='word_1_311' title='bbox 415 4067 477 4132; x_wconf 71' lang='lat' dir='ltr'>betti</span> <span class='ocrx_word' id='word_1_312' title='bbox 490 4067 620 4142; x_wconf 85' lang='lat' dir='ltr'>pericula</span> <span class='ocrx_word' id='word_1_313' title='bbox 633 4066 745 4145; x_wconf 90' lang='lat' dir='ltr'>prodiit</span> 
     </span>
    </p>
   </div>
   <div class='ocr_carea' id='block_1_3' title="bbox 0 0 1406 4764">
    <p class='ocr_par' dir='ltr' id='par_1_12' title="bbox 0 0 1406 4764">
     <span class='ocr_line' id='line_1_41' title="bbox 0 0 1406 4764; baseline 0 5"><span class='ocrx_word' id='word_1_314' title='bbox 0 0 1406 4764; x_wconf 95' lang='lat' dir='ltr'> </span> 
     </span>
    </p>
   </div>
  </div>
 </body>
</html>
