2804 4764
379 323 533 375 susorur
559 323 847 375 aususausus.
1089 316 1154 383 929

69 475 132 529 usn,
152 466 201 516 scd
225 465 394 517 literatorum.
436 465 505 516 Sane
527 466 596 516 intra
631 466 713 529 φθόνν,
728 467 801 525 φησὶν
816 467 897 519 oileus
912 466 1013 519 Ιηνύων
1027 471 1101 522 ὅλην
1116 474 1156 524 sei

68 543 189 594 morines
209 540 368 605 hyperbolen
386 541 541 590 concludere
552 541 597 591 de·
631 542 731 593 ονέθον.
764 545 857 607 Neque
867 557 928 593 sero
938 541 1043 605 frustra,
1053 554 1097 595 aut
1111 546 1154 597 fri·

68 621 166 680 mos,
177 624 207 666 ut
221 617 284 666 nihil
301 619 348 665 τῦν
364 614 486 665 munau
503 616 597 666 affere·
631 618 773 683 gldiuscnlo
793 617 926 669 fabulandi
946 626 1050 682 genere,
1066 620 1155 673 fictum

68 710 132 745 runs.
167 691 239 744 Quid
257 691 386 755 l'rigidins,
403 706 480 755 quam
498 692 597 754 dicere,
632 694 742 755 Graecis,
767 692 927 758 relatumque
954 693 1067 745 Ausonio
1094 698 1155 761 Epi·

67 785 117 821 oon
136 770 232 830 dicam,
242 766 344 828 δίπηχυν
361 768 539 830 pumilionem,
549 768 596 818 sed
632 784 755 834 gramma,
771 768 935 831 crediderim,
954 769 1000 820 sed
1019 771 1053 820 ad
1069 773 1156 836 expri-

69 846 221 904 nnscolum,
242 851 289 893 sut
301 857 415 893 muscam
433 845 520 907 potius
536 844 597 894 insi·
631 846 752 895 mendnm
768 845 896 909 ingenium
908 844 1003 906 luridi,
1014 847 1155 909 ingenium·

69 922 130 971 dere
153 921 288 970 formicre:
316 934 350 968 ex
370 934 419 983 qua
441 934 492 969 non
514 920 596 969 solum
631 937 681 988 qne
688 923 821 987 jactantis.
853 923 889 972 H.
908 937 932 972 e.
951 923 1094 974 invidorum
1114 940 1154 975 so·

68 999 159 1058 mine,
177 996 224 1045 sed
242 1003 270 1056 et
285 997 369 1044 caloes
388 1009 499 1059 quoque,
517 1002 547 1044 ot
563 1009 597 1044 ex
631 999 686 1050 lent
695 1013 751 1049 esse
760 1006 952 1064 marcentque
962 999 1027 1049 benc
1036 1001 1156 1064 gesseris,

69 1086 135 1138 equo
158 1072 302 1122 calcitrone
326 1071 493 1119 metuantur?
531 1071 596 1120 blec
632 1072 1155 1139 pilo(quoddicitur)intraosuminven·

69 1150 225 1200 Graeoooics
242 1149 342 1212 ineptia
358 1148 418 1196 mihi
440 1147 596 1196 stomachum
633 1156 670 1210 to,
682 1149 803 1198 damnare
811 1163 862 1197 noo
871 1148 1000 1198 dubitent.
1019 1150 1051 1198 ln
1063 1151 1155 1215 quibos

68 1235 166 1276 noret.
184 1225 303 1287 omuga.
633 1224 791 1288 peccaveris,
799 1224 962 1287 insultantes,
968 1238 998 1273 ac
1003 1226 1058 1288 jem
1066 1225 1156 1275 demus

96 1303 130 1351 lo
141 1301 294 1364 rme-an]
307 1301 388 1350 Recte
396 1299 527 1364 judicarit
536 1299 598 1348 Soa·
633 1300 687 1351 lasti
699 1299 874 1364 ridentesque,
889 1299 1037 1362 traducant,
1047 1315 1094 1349 nec
1107 1302 1155 1350 oiri

69 1379 142 1441 liger,
154 1392 233 1441 quum
249 1378 339 1440 jocum
357 1375 598 1439 buucplanoinsul·
634 1390 705 1424 reum
728 1384 860 1438 peragant.
892 1375 1048 1426 Jactnbundi
1071 1383 1156 1426 sutem

69 1469 123 1504 snm
141 1460 169 1502 et
185 1451 307 1517 frigidum
324 1453 433 1502 censuit.
466 1451 536 1501 Talis
554 1451 597 1500 ilie
634 1449 713 1501 sortia
724 1450 840 1501 facinora
855 1452 1023 1513 mentiuntur,
1033 1451 1116 1514 (unde
1127 1461 1157 1500 ot

71 1526 310 1588 alterinsGraecnli,
318 1526 360 1591 qui
372 1525 404 1575 de
415 1525 511 1589 lapids,
521 1539 597 1588 quem
634 1524 659 1573 in
679 1523 773 1574 fabulis
792 1525 896 1588 gloriosi
908 1526 1002 1576 milites
1014 1526 1098 1575 aliena
1106 1525 1156 1575 sibi

71 1606 188 1670 Cyclops
208 1600 243 1649 sd
263 1599 420 1650 obruendam
436 1600 538 1662 Ulyssis
554 1613 598 1647 na·
634 1599 776 1664 arrogant‚)
788 1609 814 1650 et
831 1610 882 1652 tam
899 1603 926 1650 in
941 1603 1065 1666 augendis
1077 1604 1158 1652 extol·

71 1677 304 1746 raupmjiciebat,
323 1676 405 1725 dixit:
429 1673 555 1738 ῡερνμένον
572 1672 599 1722 ci
634 1674 767 1740 leudisquo
803 1677 896 1726 viribus
928 1676 1061 1727 effusiores
1087 1685 1157 1740 sunt,

71 1751 332 1816 umslyrsiriumo
343 1751 450 1812 issimi.
470 1751 598 1814 Namque,
635 1766 711 1817 qnam
728 1752 755 1800 in
775 1752 919 1801 amolienda
936 1752 1083 1816 debilitate,
1099 1768 1157 1804 cum

72 1841 100 1883 rt
118 1833 156 1882 ait
177 1829 327 1879 Demetrius
347 1826 497 1889 Phalereus,
515 1826 541 1874 is
556 1826 599 1873 τοῦ
634 1828 721 1891 aliquo
731 1828 937 1890 prestantiorum
949 1829 1076 1890 exemplo,
1088 1829 1157 1890 inge-

74 1901 329 1971 ὴφωλημέηννῆς
345 1900 443 1950 διανοίας
461 1899 500 1949 stoi
517 1897 598 1950 mco
633 1902 699 1950 niosi
722 1902 876 1964 monitique,
904 1902 973 1966 quod
1000 1902 1041 1950 bic
1070 1902 1159 1952 socero

72 1979 276 2045 euripo-xpina.
634 1976 769 2025 Faustulus
780 1975 919 2024 inducitur.
935 1976 1070 2026 secururs.

101 2060 136 2108 lo
152 2054 302 2117 rasum]
319 2052 442 2103 Dubitari
453 2051 535 2113 rideo,
545 2051 598 2101 An·
667 2051 719 2100 No.
743 2053 797 2100 124.
831 2053 843 2098 l
865 2050 968 2099 Diverso
987 2049 1085 2114 infelix]
1111 2050 1159 2100 Est

72 2135 171 2185 soniine
182 2129 598 2193 ritbocEpigrammainFeustu·
634 2141 734 2193 qnoque
745 2126 874 2175 diversum
891 2125 940 2174 boo
958 2138 973 2173 a
992 2124 1159 2189 praecedente

73 2212 123 2261 inm
144 2207 233 2258 Anicii
249 2205 356 2254 Probini
372 2217 519 2264 nanum,an
536 2215 598 2251 vero
635 2203 931 2268 Epigrammote,otsno
947 2213 1052 2250 numero
1068 2199 1158 2251 dissin-

74 2287 154 2351 ipsios
172 2281 282 2333 Probini
302 2280 328 2328 in
350 2280 498 2329 Faustulum
518 2290 598 2342 quen·
635 2279 773 2344 guendum,
791 2292 848 2327 com
864 2275 1041 2340 inscriptione,
1057 2277 1089 2325 Is
1103 2292 1158 2326 suo·

75 2363 142 2412 dam.
173 2359 207 2409 ln
229 2372 281 2422 qno
301 2356 352 2405 dno
373 2354 429 2404 boec
443 2354 599 2418 jampridem
634 2357 695 2404 ders.

75 2434 237 2487 emendanda
259 2431 359 2483 censui.
395 2430 510 2480 Primum
531 2429 599 2478 enirn
668 2420 720 2471 No·
733 2421 788 2468 128·
820 2417 939 2480 ²095&
957 2415 1081 2478 wider]
1100 2416 1158 2466 Ull-

74 2527 149 2579 qm,
170 2509 235 2560 M
258 2506 357 2558 prauae·
378 2505 520 2555 scriberent
540 2503 599 2553 libri
636 2503 678 2545 tur
696 2493 728 2544 A.
747 2495 846 2545 Gellius
861 2492 1159 2557 aliquotieseorooobo·

74 2602 172 2648 omues,
194 2583 297 2636 tametsi
318 2583 403 2632 Ancus
420 2581 500 2629 etiam
511 2580 600 2628 babuit
635 2572 677 2632 io;
694 2573 755 2620 item
766 2570 888 2620 sarisber.
900 2569 957 2618 Pol.
969 2568 986 2616 1.
997 2582 1034 2616 vr.
1046 2583 1070 2616 c.
1080 2580 1141 2616 xix.

75 2666 186 2722 Latium,
207 2669 293 2710 umen
314 2657 454 2707 Probiuum
466 2657 531 2704 bunc
544 2668 600 2703 essa
668 2648 718 2697 No.
731 2651 786 2696 129.
818 2646 875 2694 llo
886 2643 963 2706 natos]
983 2644 1013 2691 ln
1024 2642 1089 2690 lilios
1101 2656 1159 2691 suos

74 2739 230 2798 existimari,
248 2736 345 2798 dequo
360 2734 387 2781 in
404 2731 544 2781 lumbicum
567 2729 599 2778 sd
636 2727 790 2776 Mermerum
813 2731 840 2773 et
862 2724 1011 2771 Phereteu:
1039 2734 1101 2783 quos
1126 2733 1159 2768 ex

75 2816 188 2865 Probum
197 2812 353 2862 mentionem
362 2807 540 2871 iecimos3qui
549 2821 600 2855 uon
635 2802 731 2852 Jasone
754 2806 902 2863 procreatos
925 2798 1055 2859 zelotypio
1080 2796 1160 2842 iuter·

74 2885 318 2940 lmseddsrieisr
330 2881 457 2931 Probinus
467 2879 600 2929 abAnicia
635 2876 709 2925 fecit.
743 2875 787 2924 lta
808 2874 866 2921 illos
886 2872 999 2921 nominat
1020 2871 1160 2919 Pausanias

75 2957 482 3015 lloieiaoavofamiliadicebatnr.
495 2956 601 3005 Visetur.
636 2952 662 3000 in
690 2947 877 3000 Corinthiacis:
904 2945 1032 3007 Hyginus,
1059 2945 1160 2992 Merce-

103 3047 119 3089 5
138 3038 287 3097 Qaidrides,
302 3033 404 3096 mprobe
421 3031 492 3094 iiber]
509 3030 600 3080 Lucilii
637 3040 693 3074 rum
711 3030 738 3072 et
750 3023 898 3084 Puerorum,
916 3018 965 3066 nisi
984 3018 1018 3066 sit
1033 3017 1161 3066 mendum.

76 3114 248 3167 telmiichon
267 3118 308 3160 est
327 3108 359 3158 eis
377 3105 484 3156 smalx·
496 3120 545 3171 quo
556 3104 600 3153 ad·
641 3102 748 3150 Vincitur.

76 3179 601 3247 noniti,lr'oor,idest,insidia,emendan·
669 3181 684 3224 l
703 3178 857 3226 Cunctantem
867 3176 927 3224 solis
943 3173 989 3236 est]
1003 3171 1161 3222 Subeudien-

76 3268 134 3315 dnm
145 3272 277 3328 putamus,
292 3274 343 3309 non
360 3259 426 3308 liber.
458 3258 600 3305 Menestra·
638 3253 698 3302 dum
714 3260 764 3313 est,
777 3253 897 3314 pinxisse,
916 3258 961 3299 aut
973 3249 1067 3312 aliquid
1078 3248 1163 3310 hujus·

75 3349 114 3391 tos
126 3340 197 3390 enisu
209 3338 311 3403 quidam
329 3335 472 3394 formicam,
482 3340 600 3394 tanquam
638 3328 715 3379 modi.
748 3327 848 3377 Plinius
858 3325 923 3375 libro
935 3326 1063 3374 tricesimo
1075 3323 1164 3387 quinc-

76 3418 252 3482 eleplsautum,
263 3408 499 3476 obequitans,quod
512 3405 602 3456 infelix
639 3411 666 3453 to
683 3404 719 3453 sic
737 3404 812 3465 lustjus
823 3401 935 3463 Medea,
950 3408 977 3450 et
997 3401 1035 3449 sui
1055 3398 1162 3463 pictoris

77 3491 213 3553 evestigio
228 3488 333 3551 supinus
351 3491 495 3550 prostratus
513 3481 602 3542 luerit,
638 3480 771 3528 meminit:
793 3477 878 3525 ‘lllud
900 3492 959 3526 sero
982 3490 1104 3540 perquam
1124 3489 1163 3522 ra-

77 3566 191 3630 tingitur.
224 3564 308 3628 Aqua
320 3565 397 3612 etiam
406 3560 561 3621 calcitratus,
572 3565 602 3605 ut
640 3569 706 3615 rum,
718 3568 748 3602 ec
760 3554 883 3602 memoria
901 3552 1015 3615 dignum,
1031 3552 1108 3600 etiam
1120 3566 1163 3599 su-

78 3645 186 3705 primum
218 3639 336 3703 resipuit,
374 3644 454 3700 utque
493 3635 601 3698 primum
640 3644 728 3694 prema
744 3643 824 3691 opera
842 3628 978 3690 artificum,
990 3627 1165 3690 imperfectas·

78 3720 145 3784 loqui
167 3731 244 3780 posse
263 3715 351 3777 coepit,
367 3713 405 3762 Ὀ
429 3709 548 3770 lusidia,'
565 3709 601 3756 in·
640 3719 689 3770 que
699 3702 807 3765 tabulas,
817 3703 882 3753 sicut
894 3703 946 3751 lrin
958 3703 1089 3758 Aristidis,
1097 3703 1164 3762 'l'yu-

79 3797 141 3860 qun,
163 3795 217 3842 πῆς
236 3792 389 3855 obequitat„
408 3788 504 3838 cecidit
524 3787 602 3835 etiam
640 3779 744 3828 doridos
765 3777 925 3837 Nicomachi,
944 3778 1064 3828 Medeam
1080 3777 1163 3824 'limo-

78 3869 231 3921 Pbadtbon!
271 3868 434 3929 Epigramma
449 3868 533 3926 ipsum
552 3875 602 3910 non
640 3854 732 3915 machi,
752 3859 780 3901 et
801 3868 875 3916 quam
898 3852 1017 3913 diximus,
1035 3854 1163 3900 Venerem

79 3939 538 4009 intempestivumfueritsdroribere:
553 3936 603 3983 ‘lsr-
640 3929 748 3992 Apellis,
765 3929 789 3975 in
807 3928 895 3990 majori
914 3928 1080 3976 admiratione
1097 3934 1163 3980 osse,

79 4022 150 4072 ng„
164 4020 267 4083 ,dmm
284 4015 443 4078 mmm,
458 4014 488 4061 u,
504 4009 602 4074 ελέφυ.
640 4020 715 4069 quum
728 4003 860 4067 perfecta:
879 4004 975 4066 quippe
995 4001 1065 4048 iniis
1086 3998 1163 4043 linea·

79 4117 109 4159 u,
127 4095 251 4158 Δὺσμορος
273 4092 380 4155 ἐξαπίνης
396 4091 476 4139 ὕπτιος
498 4087 601 4149 ἐξετάθη·
640 4091 728 4133 menta
740 4082 846 4144 reliqua,
865 4081 975 4142 ipsaque
994 4072 1163 4136 cogitationes

78 4173 212 4224 ammorii
242 4172 262 4219 δ’
284 4171 315 4219 iss
339 4167 390 4230 εἶχε
411 4168 440 4216 ri
463 4164 559 4231 seipsos,
585 4162 603 4212 l
641 4159 767 4211 artificum
783 4165 947 4223 spectantur:
964 4161 1041 4217 atquo
1058 4151 1164 4201 inienu-

136 4252 227 4319 ocupa.
237 4256 263 4303 et
278 4251 335 4302 Ver.
346 4249 412 4298 cus.
575 4245 666 4295 Aaou.
1043 4235 1057 4280 ³
1075 4231 1100 4282 N
