2804 4764
495 347 649 399 ausonn
675 347 929 406 adtonsurum.
1167 341 1253 412 1245

156 490 689 557 est,uouodeciruodieDecembrisinltio
758 499 789 543 at
807 496 920 547 Natalem
941 497 1095 564 noman]
1123 501 1250 554 Hercules

157 572 251 620 Ranae
261 567 440 632 agitabantur,
451 574 528 630 atque
539 581 571 616 eo
580 567 634 615 solo
645 567 688 617 die
725 567 904 620 Graecanicum
919 583 1022 637 nomeu,
1043 590 1093 640 quo
1108 577 1152 626 die
1173 585 1249 629 uatus

155 652 282 708 utraque:
290 641 337 690 sed
347 640 433 702 plures
441 639 543 689 taudem
549 641 688 690 Saturnali-
724 643 768 702 rit,
779 643 864 703 *strubi
875 646 936 710 legi,
952 661 1002 698 uon
1014 651 1136 700 memini:
1154 652 1200 702 aed
1212 653 1250 702 illl

155 732 231 768 orum
244 717 310 778 dies,
318 715 351 764 ad
364 716 539 777 septenarium
549 729 629 780 usqne
641 728 687 764 uu·
724 716 794 766 edes
804 718 902 783 Romu,
911 735 976 783 arar,
994 737 1068 773 sacra
1082 723 1172 791 fuisse,
1181 728 1251 777 Ver.

154 806 278 844 nuum:
296 805 375 855 quum
394 788 631 852 Opalibusuuieus,
643 790 687 840 ille
724 806 763 853 ro,
774 791 905 857 Virgilius,
925 796 1044 860 Ovidius,
1057 799 1170 863 Solinus,
1186 801 1250 852 Plu·

154 882 235 933 quem
247 879 407 916 communem
418 866 484 928 Opis
500 879 558 914 cum
574 865 630 914 siro
644 865 688 914 ba·
723 867 835 930 iambus,
847 868 1002 933 Macrobius,
1014 878 1040 921 et
1058 874 1100 923 alii
1118 883 1177 926 suut
1188 889 1249 927 auc·

152 943 261 1003 buerat,
272 940 426 990 remanserit
437 954 540 1003 semper
556 941 625 989 iuter
640 941 687 990 Sa·
723 949 802 992 tores.
823 944 898 994 Idem.

154 1018 279 1070 turnalia.
314 1016 463 1067 Macrobius
475 1017 540 1066 libro
559 1030 578 1066 1.
595 1017 686 1067 Satur·
759 1019 970 1085 Velrutislsiaeoe]
985 1020 1105 1086 iteratis,
1115 1025 1245 1076 uonboalr.

154 1095 261 1145 urlinus.
279 1093 354 1143 idest.
723 1093 848 1158 Apuleius
874 1097 970 1148 libat.
996 1101 1247 1165 metamorphoseos,

188 1175 222 1220 lu
238 1169 357 1231 Festeque
366 1167 496 1231 maan]
506 1167 685 1218 Saturnalibus
722 1169 790 1234 quod
802 1184 833 1219 ea
843 1172 901 1222 Dea
917 1174 1046 1236 cymbium
1061 1176 1166 1225 sinistra
1176 1184 1247 1226 tene·

153 1245 253 1296 domiui
264 1245 316 1294 suis
331 1243 422 1305 serris,
438 1243 520 1293 Nouia
537 1243 685 1307 caprotinis
722 1251 771 1294 ret.
788 1245 878 1296 Genus
890 1250 957 1298 rasis
968 1257 1008 1299 est
1018 1248 1165 1313 ripemunt
1176 1253 1245 1316 apud

153 1317 598 1373 matrouaeancillirfamulabautur.
614 1320 653 1369 ia.
722 1319 858 1382 Virgilium
875 1324 952 1373 tertio
974 1325 1111 1377 AEueidor:
1137 1327 1246 1378 ‘luteri-

187 1402 219 1447 17
238 1398 273 1446 Et
288 1411 405 1460 mquam
420 1395 504 1459 renis]
522 1395 686 1458 Compitalia,
722 1407 776 1443 rous
788 1396 877 1459 tepido
887 1400 1033 1461 spumantia
1044 1401 1145 1464 cymbia
1156 1401 1246 1452 lacte!

154 1488 214 1540 quae
237 1471 264 1520 iu
287 1470 407 1533 compitis
436 1469 637 1534 peragebantur,
656 1477 685 1520 ut
722 1469 1246 1541 etqutaeto:‘eymbtaqueargentoper-

153 1549 248 1600 scribit
265 1549 368 1603 Festus,
387 1545 550 1596 interierint
567 1551 685 1595 recenset
721 1542 801 1606 lecta,
811 1560 841 1596 sc
852 1549 1049 1612 seperaaignis!
1070 1550 1101 1601 lu
1117 1566 1175 1616 quse
1187 1553 1245 1602 loca

153 1622 307 1674 Macrobius
329 1623 337 1650 ‘
356 1620 545 1685 conceptivas‚'
564 1621 613 1670 boc
635 1628 686 1684 est,
722 1620 813 1669 scribit
823 1624 942 1688 antiquus
950 1628 1243 1692 comentator,‘cysu·

152 1713 213 1766 quae
234 1697 373 1763 quotannis
390 1698 430 1745 vel
451 1695 684 1760 magistratibus,
721 1693 784 1754 bia,’
799 1709 857 1745 esse
874 1699 968 1760 pocula
981 1699 1007 1748 lu
1025 1701 1128 1751 modum
1145 1702 1245 1766 cymba

152 1776 196 1826 rel
220 1790 236 1823 a
268 1773 444 1823 sacerdotibus
471 1772 685 1837 concipiebautnr
722 1769 794 1818 nasis
813 1769 902 1820 sacta:
928 1771 1056 1838 idemque,
1076 1783 1104 1824 ut
1131 1784 1246 1839 putatur,

152 1851 181 1901 iu
204 1850 261 1901 dies
287 1857 385 1911 certos,
400 1849 442 1898 sel
467 1849 544 1899 etiarn
560 1848 682 1899 incertos.
720 1845 824 1894 Servius
835 1846 861 1894 iu
873 1854 1015 1897 extremum
1026 1849 1071 1899 lib.
1080 1862 1142 1899 vrrs·
1158 1851 1245 1900 AEuei·

156 1928 234 1978 um.
721 1918 777 1982 dos,
792 1920 921 1983 cymbium
933 1923 1036 1972 situlam
1049 1924 1245 1988 iuterpretatur.

186 2004 223 2052 Et
233 2016 359 2065 umquam
373 2001 455 2064 certis]
471 2002 684 2064 Formulam‚que
721 1995 851 2058 ceterum,
866 1997 985 2062 quicquid
1006 1999 1041 2049 sit
1060 2000 1086 2049 ld
1101 2001 1209 2051 nominis
1228 2017 1244 2050 a

153 2078 225 2130 festa
245 2079 291 2128 illa
306 2078 518 2142 compitaliorum
535 2094 551 2127 a
565 2079 683 2128 Pretore
720 2071 813 2135 cymbt
833 2071 1043 2140 deminutique
1064 2075 1097 2125 ds
1117 2074 1188 2126 laide
1209 2075 1243 2126 ad

153 2156 256 2219 concipi
278 2155 356 2204 solita
373 2154 455 2211 suere.
476 2156 590 2219 reperies
612 2157 683 2220 apud
719 2147 786 2197 hunc
798 2148 881 2198 locum
898 2151 1045 2212 spectantia
1058 2151 1145 2216 legera
1157 2153 1246 2201 meuti-

153 2231 188 2282 A.
203 2232 319 2281 Gellium
331 2232 348 2280 l.
358 2244 385 2280 x.
402 2245 426 2280 e.
435 2244 516 2281 xxiv.
527 2231 608 2294 ipsam
621 2246 683 2282 vcro
719 2220 801 2270 nimi
812 2223 839 2272 ¹¹¹
850 2225 970 2274 ²¹¹¹⁰ml³
979 2225 1045 2277 Jllffl
1062 2225 1160 2290 Hygini
1171 2224 1244 2277 sm·

152 2308 257 2357 illorum
275 2307 462 2357 institutionem
482 2306 551 2370 apud
562 2307 682 2371 Dionysi·
719 2298 759 2362 ¹1⁸,
781 2300 939 2351 adscribam:
973 2302 1114 2353 ‘Vellficia
1132 2302 1242 2367 primum

154 2382 383 2432 umllalic.l.rv.
411 2382 451 2430 Da
468 2381 683 2432 Consualibuset
718 2373 886 2427 inreuitlsls.
917 2377 1243 2444 Namduruquaerltflsr-

153 2457 349 2522 Neptunalibus
359 2458 463 2508 consule
472 2457 682 2522 incyprtanu,
718 2456 848 2511 lillemem
866 2449 947 2501 fillum
963 2466 1046 2517 tuum,
1061 2459 1116 2503 nte
1131 2451 1242 2504 vellfiet·

154 2535 354 2599 Hierouymum,
381 2534 576 2596 Tertullianum,
605 2534 682 2584 alios·
719 2524 773 2574 Μ’
790 2527 862 2578 Idem

154 2627 213 2676 que.
257 2613 337 2660 Sacra
356 2617 442 2659 auteur
469 2610 593 2673 Neptuno
611 2608 682 2660 fucta
750 2605 781 2650 2⁵
800 2602 851 2652 Nec
871 2619 917 2653 non
943 2602 1034 2668 latim]
1066 2606 1132 2658 Quae
1160 2604 1242 2655 luerit

153 2693 215 2735 suut
228 2685 310 2735 Nouis
326 2683 401 2745 iulii,
420 2693 447 2734 et
467 2697 516 2733 atr.
536 2683 598 2733 Kal.
615 2685 681 2749 Sep.
718 2676 804 2739 Flora,
827 2678 894 2728 unde
922 2683 1100 2742 cognominata
1121 2681 1241 2743 Floralia,

154 2760 248 2810 tembr.
718 2759 747 2801 et
763 2768 838 2817 quam
849 2753 963 2803 ubscoeui
983 2755 1027 2803 isti
1044 2754 1107 2816 ludi,
1117 2769 1180 2820 quos
1192 2757 1240 2806 Ca·

186 2840 217 2885 21
238 2835 310 2884 Festo
331 2833 381 2882 lsaec
397 2832 512 2896 nauigiis]
529 2832 559 2882 lu
577 2834 680 2882 istisin·
718 2835 746 2877 to
764 2835 884 2890 spectare
902 2829 992 2889 noluit,
1008 2837 1036 2878 ut
1057 2830 1147 2881 scribit
1163 2832 1240 2882 Vale·

153 2910 194 2960 dis
212 2911 283 2959 saria
296 2910 439 2958 edebantur
459 2909 624 2972 spectacula:
641 2908 680 2957 in·
718 2902 771 2950 rius
782 2903 807 2950 in
824 2903 913 2951 ultimo
930 2918 988 2965 cap.
999 2905 1042 2954 lib.
1054 2918 1086 2953 tt.
1098 2921 1106 2964 ;
1123 2906 1195 2955 dirce
1206 2922 1239 2956 ex

154 2995 194 3037 ter
205 3001 263 3051 quae
283 2993 342 3034 snut
361 2985 448 3047 praelia
467 2984 576 3045 navalia,
597 2991 625 3032 et
636 2998 679 3032 cu·
717 2979 842 3041 Aruobio,
853 2980 989 3030 Lactantio
999 2981 1173 3042 Fimiiuuu,et
1184 2980 1239 3032 Au-

154 3064 221 3112 rulia
242 3062 384 3111 certamina
399 3061 468 3124 apud
484 3060 641 3121 Suetonium,
652 3066 680 3109 et
715 3058 824 3120 guatino.
847 3056 1116 3120 Agitabauturautetu
1127 3057 1240 3108 Floralia

153 3140 227 3188 alios.
272 3138 409 3187 Certamen
432 3137 527 3186 Curulc
554 3135 679 3184 describit
716 3146 805 3181 meuse
839 3133 922 3196 Aprili
950 3140 978 3181 et
1011 3132 1093 3194 Maio,
1129 3133 1240 3186 Ovidius

152 3214 272 3264 Sidonius
301 3211 456 3276 Apollinaris
483 3213 509 3261 in
547 3210 678 3261 Narbone.
715 3209 821 3272 quincto
832 3209 985 3258 Fastorum:
1004 3208 1120 3272 ‘Incipis
1135 3211 1238 3273 Aprili:

152 3289 205 3339 Sed
226 3288 259 3338 de
271 3287 433 3337 Circensibus
453 3288 511 3350 lege
530 3286 677 3337 cassiodori
715 3285 808 3335 transis
828 3286 854 3334 iu
876 3295 994 3348 tempora
1012 3285 1086 3334 Maii.
1118 3284 1194 3335 Alter
1212 3294 1240 3338 te

153 3363 186 3412 ad
210 3366 332 3413 Faustum
351 3363 494 3425 Epistulam
512 3361 579 3411 libro
599 3362 678 3412 tertio
714 3360 823 3427 fugiens,
832 3379 909 3429 quuru
918 3365 989 3414 seuit
998 3366 1065 3414 alter
1075 3364 1173 3416 babet?
1188 3366 1228 3416 ld.

152 3440 299 3490 variarum.
317 3440 391 3489 idem.
746 3444 778 3490 ti
797 3441 1238 3505 Nascetiumoetrrrs1Varr02⁸E·

183 3523 217 3569 ᾖ
233 3520 343 3580 Jrngaut
361 3514 490 3578 mama]
509 3514 677 3565 &netralibus
714 3516 797 3582 quiris
807 3517 839 3566 ab
855 3532 978 3582 equorum
995 3532 1082 3568 cursu.
1114 3519 1154 3567 lio
1170 3519 1237 3568 euim

152 3595 205 3644 anis
222 3595 346 3642 Romulus
366 3593 485 3654 virgines,
497 3604 553 3654 quse
569 3590 677 3639 Romans
713 3591 874 3642 discurrunt
892 3593 951 3657 equi
971 3593 997 3642 iu
1015 3606 1105 3656 campo
1117 3593 1213 3644 Martio
1222 3593 1238 3645 :'

152 3683 184 3718 ex
195 3668 286 3717 riciuis
299 3667 450 3718 civitatibus
458 3665 490 3714 ad
503 3666 677 3730 spectaculum
714 3669 806 3718 Festus
826 3683 903 3718 vero:
940 3669 1067 3734 ‘Equirla
1088 3668 1153 3731 ludi,
1173 3684 1236 3735 quoa

152 3752 288 3805 reuerant,
307 3743 399 3807 rapuit.
437 3742 507 3791 lliuc
527 3741 620 3791 bellurn
637 3754 677 3789 or·
714 3744 837 3793 Romulus
847 3743 927 3792 Marti
938 3743 1051 3793 instituit
1061 3756 1236 3809 parequorum

151 3826 217 3869 tuns.
250 3819 328 3881 Cujus
355 3817 433 3865 duces
453 3814 551 3865 foedere
573 3814 677 3865 tuudmu
713 3833 816 3870 cursum
830 3836 837 3869 :
851 3820 894 3884 qui
915 3819 940 3867 iu
952 3833 1043 3882 campo
1053 3818 1151 3868 Martio
1162 3833 1236 3869 ener-

152 3892 544 3959 9²¹⁰¹1⁸⁸0‚¹¹⁰¹¹i’³⁰e¹¹¹m⁰d⁰2
559 3890 677 3941 ”deifi-
713 3894 856 3946 uehentum·
888 3893 1011 3960 idemque
1023 3895 1130 3943 Festus:
1146 3894 1236 3941 ‘Mar-

153 3977 234 4020 taletn
246 3983 322 4018 unam
342 3984 373 4016 ex
390 3967 476 4017 mullis
488 3969 595 4017 Romam
606 3965 676 4016 sece-
713 3973 782 4022 tlalis
793 3987 898 4036 campus
909 3973 936 4020 iu
947 3972 1119 4021 Culiotuuute
1130 3969 1235 4033 dicitur,

153 4054 221 4096 ruut.
266 4045 364 4106 Livius,
392 4044 530 4105 Dionysius
558 4042 677 4092 Halicar·
713 4049 781 4112 quod
792 4049 818 4096 iu
835 4061 866 4095 eo
883 4047 987 4110 Equiria
1002 4043 1117 4095 solebant
1127 4042 1192 4104 tisri,
1204 4045 1236 4093 si·

152 4122 290 4186 uasseusia‚
316 4120 410 4170 Lucius
437 4120 544 4183 Seneca,
567 4128 594 4172 et
624 4119 676 4169 alli.
711 4122 812 4186 quaudo
823 4135 896 4185 aqua
913 4119 1023 4183 'l'yberis
1034 4131 1151 4179 campum
1164 4118 1234 4167 Mar·

153 4198 227 4248 ldem.
713 4193 1146 4258 tiumoccupasseut.'8uutautem
1156 4193 1234 4258 Equi·
