2804 4764
241 313 326 382 1108
591 325 699 377 norm
722 324 923 375 vauronusr
947 324 988 373 ιιι

240 485 326 521 mann.
342 469 376 518 ad
387 481 458 518 oram
470 482 523 519 sun
536 465 600 519 edit.
632 468 766 522 Quodnon
834 471 867 518 tt
890 464 1019 529 Remus]
1046 464 1191 516 Recursum
1216 464 1336 516 Mesenae

239 547 371 611 displicet.
395 552 423 594 et
442 544 480 594 ita
499 558 601 610 quoqne
628 543 767 593 Frontinus
803 543 935 607 iutelligit,
943 557 994 592 non
1002 543 1046 607 qui
1054 543 1107 606 ipse
1116 541 1142 590 iu
1152 554 1225 591 suum
1237 540 1337 592 fontan

240 623 415 674 emendandus
435 629 475 672 est
497 623 514 671 i.
531 638 551 673 ι.
571 638 595 673 c.
615 639 640 672 ι.
659 637 701 672 ex.
715 637 765 672 ιιι
804 619 904 682 redeat,
922 620 968 669 sed
988 619 1031 684 qui
1052 618 1154 682 navigia
1169 618 1279 668 adverso
1290 615 1338 667 dn·

241 698 521 760 Totaeastrncoutoditr
537 705 561 749 st
571 701 698 764 intersepta
715 700 768 748 bos·
804 697 882 758 mine,
898 697 1012 746 remulco
1030 702 1122 759 tracte,
1138 709 1338 744 snrsnmreraus

239 777 303 826 tiam
312 777 390 836 aditus,
401 778 442 838 tre.
454 776 492 824 ita
502 776 552 825 bis.
563 789 621 838 pro,
630 777 768 839 intercepto.
805 773 893 833 vehat,
913 781 941 823 et
959 787 1010 822 nou
1022 772 1117 822 lentius
1129 771 1216 830 rebat,
1225 771 1338 836 quamsi

271 853 340 902 desti
358 866 388 902 ae
405 850 570 915 demat1Non
588 852 660 914 satis,
678 866 693 900 ο
709 852 768 901 Μο·
806 847 919 898 secundo
928 846 1032 905 flumine
1043 847 1182 897 ferrentur.
1202 847 1310 896 V‘rsetsr.

240 929 313 984 seila,
331 927 422 992 diguus
440 941 509 976 esses
522 926 625 976 nomine
634 933 661 976 et
672 926 768 976 bonore
838 924 941 973 Miraris
950 925 976 973 irs
986 939 1054 974 unae
1064 923 1183 988 mmm]
1200 924 1267 973 Cum
1279 923 1338 973 aliis

240 1002 321 1064 duvii,
332 1003 405 1067 siqua
416 1008 488 1053 tunm
500 1016 601 1052 amnem
612 1001 694 1051 insula
704 1001 768 1051 diri·
804 999 878 1060 locis,
899 1007 952 1049 turn
974 1001 1108 1063 praecipue
1131 997 1199 1063 apud
1219 999 1337 1063 Burgum

239 1080 326 1144 deret,
340 1079 529 1144 minneretqua.
550 1079 654 1129 Visetur.
805 1075 897 1124 Maria
914 1074 1081 1139 (Murieburg)
1091 1075 1158 1140 qnod
1172 1074 1215 1124 ubi
1228 1074 1338 1124 transie-

270 1159 304 1206 ts
326 1153 467 1217 Επιὶιιιιι]
490 1153 638 1218 Rejootum,
657 1150 768 1216 prohihi-
805 1150 850 1208 rls,
859 1150 973 1216 duasque
984 1157 1012 1200 et
1022 1150 1131 1215 amplius
1139 1150 1215 1199 horas
1225 1149 1337 1214 impigre

220 1228 224 1237 '
238 1239 304 1296 tum,
310 1247 343 1283 ua
347 1231 421 1296 justa
427 1245 474 1280 aua
483 1226 580 1280 deiiuat
586 1227 767 1292 amplitudine.
804 1227 911 1290 remigio
922 1228 1033 1276 lembum
1043 1227 1185 1290 subegeris,
1194 1237 1255 1276 mor
1264 1227 1338 1290 quari

239 1308 315 1358 Idem.
803 1303 916 1367 ignotum
929 1303 1013 1353 denuo
1025 1302 1234 1367 pruterreberis.
1251 1301 1337 1367 quue

270 1387 304 1432 se
330 1383 368 1432 lle
386 1381 490 1445 duplices
508 1379 594 1431 nertin
610 1377 672 1442 uiua]
688 1379 767 1443 cujus
804 1380 898 1429 tubulus
910 1379 1124 1444 Geograpbornm
1141 1378 1337 1429 nonomittunt.

237 1456 377 1522 navigandi
387 1456 454 1506 ratio
465 1461 506 1506 est
521 1456 627 1520 duplex,
645 1455 768 1518 secondo,
802 1454 845 1505 Ita
856 1456 1000 1519 Mreander,
1015 1456 1084 1519 apud
1095 1454 1175 1505 Ouid.
1184 1455 1222 1505 bl.
1233 1467 1266 1504 ιι.
1277 1458 1337 1507 ²40.

238 1533 386 1584 stadrarso
402 1531 490 1596 durio,
510 1532 538 1582 id
552 1539 604 1594 aet,
619 1545 678 1581 cnm
689 1545 767 1596 aqua,
802 1528 928 1581 blebem.

238 1616 266 1660 at
284 1616 375 1660 contra
394 1623 496 1675 aquam,
505 1613 536 1658 nt
545 1606 652 1671 exponit
661 1607 766 1656 Servius
833 1609 865 1655 tt
881 1606 1024 1670 legitimos]
1044 1606 1195 1668 Naturales,
1215 1605 1336 1656 deorsum

236 1685 264 1735 ln
291 1699 393 1734 versum
427 1683 704 1749 quadringentesimum
738 1692 766 1734 et
801 1696 900 1734 versus.
921 1685 999 1735 verer.

236 1760 429 1824 nonagesimum
446 1760 579 1824 quinctum
600 1758 705 1823 septimi
722 1759 766 1808 AE·
834 1760 914 1824 Prope
924 1760 1033 1824 mmm]
1049 1759 1137 1810 Aliter
1154 1760 1242 1824 segnis
1260 1761 1336 1825 Virg.

237 1835 336 1886 naides.
352 1837 391 1886 ld.
802 1835 935 1887 AEmvsrr.
953 1840 1010 1886 biit.
1044 1836 1156 1886 Dicerss
1175 1845 1202 1885 te
1220 1837 1336 1887 mcundo

269 1916 301 1962 41
315 1910 437 1975 Rerrsioo]
446 1912 523 1965 Quod
535 1911 623 1962 natml
633 1911 641 1940 ‘
652 1911 766 1962 remulco
801 1908 905 1961 flumine
916 1910 1116 1960 descendentem
1126 1918 1179 1960 tam
1189 1912 1266 1960 tarda
1276 1925 1336 1975 pro·

238 1987 356 2038 trahera'
371 1988 505 2049 dixerunt,
516 1987 543 2037 id
553 2001 604 2036 uuo
617 1988 708 2050 rarbo,
719 1986 766 2036 sed
803 1987 886 2049 gredi,
896 1995 925 2035 ut
932 1987 1042 2036 adversa
1050 1987 1136 2035 nitens
1146 1987 1260 2037 remulco
1268 2001 1336 2051 pena

238 2078 269 2114 eo
281 2066 435 2128 composito,
450 2064 598 2126 inponentis,
609 2062 698 2112 Graeci
707 2070 767 2112 suta
803 2062 880 2112 citius
891 2062 1041 2112 conficeres.
1060 2062 1186 2113 freherus.

236 2138 375 2187 dixerantr
391 2146 421 2186 ut
437 2138 528 2188 docuit
537 2136 639 2200 Polphii
651 2137 768 2200 Megalo·
834 2143 866 2187 tb
884 2139 971 2202 Ripam
979 2139 1129 2203 paternis]
1145 2139 1238 2201 Ripaur
1255 2139 1335 2191 habes

237 2214 345 2278 politaui
360 2214 516 2264 auctoritate
534 2211 632 2262 Baiiius
652 2213 680 2260 in
701 2213 767 2262 libro
803 2222 969 2279 praetextam,
1001 2214 1120 2274 obsitam,
1158 2216 1335 2280 munitamque

237 2289 308 2339 dere
319 2289 413 2338 navali.
446 2289 497 2338 Sed
514 2288 606 2337 mirum
617 2288 732 2337 vocalem
744 2307 766 2351 ν,
802 2289 891 2339 herbis
914 2289 1072 2353 palustribus
1092 2297 1119 2339 et
1141 2289 1218 2353 plane
1233 2290 1335 2340 rilihna.

236 2363 364 2428 quomodo
375 2363 460 2413 Latini
470 2363 497 2412 in
507 2378 530 2425 s,
545 2369 687 2413 mutarunt.
720 2363 768 2415 Eat
803 2366 917 2415 Dixerat
926 2373 1014 2416 autem
1022 2365 1145 2430 Virgilius
1155 2365 1267 2428 septima
1283 2367 1335 2418 Ec·

237 2444 325 2487 autem
344 2439 488 2501 ρνμουλιεεῒν,
513 2438 539 2488 id
562 2444 613 2502 est,
633 2440 767 2490 ‘remulco
803 2444 880 2507 loga:
898 2443 969 2493 ‘Hic
989 2443 1077 2493 uiridis
1100 2452 1190 2494 tenera
1210 2446 1336 2506 prataria

236 2512 359 2563 trahere·
374 2516 429 2564 siro
446 2514 628 2576 ‘remnicare,’
642 2514 767 2579 siquidem
803 2519 927 2570 arundine
948 2519 1016 2584 ripas
1038 2517 1169 2569 Mincius?
1209 2520 1244 2568 Et
1265 2519 1334 2570 idem

237 2591 308 2655 apud
324 2592 430 2641 Festum
448 2597 475 2640 et
492 2591 607 2642 Nonium
625 2591 675 2654 legi
686 2591 766 2642 debet
802 2594 963 2660 praetexendi
974 2594 1091 2656 verbum,
1103 2591 1195 2643 eadem
1206 2592 1336 2657 signitica-

235 2667 412 2728 hocrerbum,
425 2664 718 2717 naremsunetrahere:
737 2674 766 2718 ut
802 2671 873 2721 tione
893 2670 920 2718 in
942 2670 1091 2720 Gratiarum
1113 2669 1235 2720 Actione.
1264 2671 1334 2721 Viae·

236 2741 339 2806 quando
349 2742 375 2790 in
386 2743 460 2803 mari,
471 2742 588 2807 aliquove
595 2740 683 2803 fluuio,
692 2741 766 2791 navis
802 2751 849 2796 tas.

236 2819 347 2882 sit,quae
358 2832 407 2868 nec
418 2819 477 2869 reia
488 2819 591 2880 habeat,
602 2833 651 2868 nec
672 2833 767 2882 remos,
835 2822 924 2885 Ripum
935 2823 1074 2886 praetexeris
1092 2823 1164 2886 aluis]
1180 2823 1216 2873 Et
1227 2825 1333 2874 arundi-

236 2893 329 2957 quihus
347 2901 438 2958 agatur
449 2912 455 2941 ε
478 2901 506 2945 et
523 2894 556 2945 ad
567 2909 623 2944 eam
634 2908 699 2944 unus
709 2896 766 2958 plu·
802 2898 887 2960 nibus,
897 2907 926 2948 ut
937 2901 1050 2949 Rhenus.
1072 2898 1152 2949 ovid.
1163 2912 1210 2948 ιιι.
1220 2899 1254 2948 de
1264 2901 1334 2951 Pon·

236 2982 311 3018 resve
330 2968 406 3020 strues
421 2986 455 3020 ex
475 2972 562 3036 aliqua
572 2970 622 3020 alia
633 2984 698 3019 nare
708 2970 766 3019 alli·
803 2983 847 3026 ro:
865 2976 1030 3041 ‘Squallidus
1047 2977 1170 3027 immittat
1185 2974 1271 3026 fracta
1286 2977 1333 3027 snb

235 3053 336 3110 gruter.
366 3049 398 3098 In
409 3046 556 3098 fluminibus
568 3061 767 3113 namquequan·
803 3051 928 3099 arundine
946 3051 1030 3100 crines
1049 3051 1162 3111 Rhenus,
1179 3056 1208 3099 et
1222 3048 1333 3101 infectas

236 3121 272 3171 do
283 3123 340 3171 velo
351 3137 453 3172 remove
465 3137 514 3172 uon
526 3131 568 3172 eat
578 3124 688 3185 locus,si
696 3121 765 3173 forte
803 3126 927 3187 sauguine
938 3133 1014 3190 potet
1032 3126 1129 3191 aquas!
1160 3126 1196 3175 Et
1206 3140 1244 3176 ιι.
1254 3127 1333 3178 Trist.

236 3211 285 3261 per
294 3198 364 3262 ripas
373 3199 404 3248 iri
413 3198 502 3262 possit,
513 3198 540 3248 in
550 3212 594 3249 eas
605 3197 766 3249 descendunt
803 3202 958 3252 Claudianus
976 3204 1105 3266 Panegyr.
1126 3215 1172 3252 ιιι.
1189 3202 1216 3252 iu
1229 3201 1334 3253 stilico-

234 3281 338 3324 nautre:
356 3282 384 3324 et
402 3273 464 3324 fune
482 3274 515 3324 ad
530 3289 655 3324 summurn
671 3275 764 3324 maium
801 3291 875 3328 nem:
894 3279 948 3328 ‘Et
966 3279 987 3328 si
1005 3276 1195 3344 qnisdefensns
1207 3279 1332 3328 arundine

234 3350 349 3413 alligato,
358 3350 487 3414 navigium
498 3351 515 3400 ii
524 3351 575 3414 ipsi
584 3352 705 3401 trahunt:
719 3357 765 3401 ant
801 3354 884 3402 Rheni
900 3353 995 3403 Vastus
1012 3368 1075 3418 aper
1084 3354 1164 3404 nitio
1173 3352 1265 3405 dentes
1276 3369 1332 3405 cur·

231 3426 349 3489 jumenta
360 3425 492 3487 adhibent,
508 3440 565 3490 quea
580 3440 628 3490 pro
646 3425 698 3475 iliis
714 3427 764 3477 boc
802 3437 907 3479 caverat
917 3428 990 3478 mro?
1021 3429 1074 3478 Sed
1086 3429 1112 3478 in
1129 3427 1209 3478 fundo
1219 3426 1333 3479 fluminis

235 3499 351 3550 faciant:
369 3507 398 3550 ut
416 3502 509 3550 mulam
528 3501 619 3551 scribit
639 3500 763 3551 Horatius
801 3503 833 3553 ad
844 3504 914 3569 ripas
924 3505 995 3568 algas
1004 3503 1093 3565 habet,
1099 3504 1275 3568 gratissimum
1293 3518 1332 3554 ar·

235 3587 353 3625 sermone
363 3576 469 3640 quincto
479 3575 537 3625 libri
549 3577 651 3640 prioris.
671 3578 744 3627 iden.
800 3579 894 3628 meutis
910 3579 1042 3644 pabulum,
1060 3594 1117 3643 qum
1126 3580 1196 3629 istuc
1209 3580 1332 3644 pascendi

269 3650 324 3699 Noa
334 3651 559 3714 cesamtarerarloc]
581 3651 665 3701 idest
682 3654 764 3716 depes,
801 3653 915 3704 simulet
933 3651 1104 3718 refrigerandi
1121 3655 1205 3717 gratia
1224 3654 1334 3706 descen·

234 3725 347 3776 schuttera.
379 3725 454 3775 Idem
465 3727 548 3790 Epist.
556 3727 763 3792 tr.⁸(leierisqua
800 3729 863 3779 ders
890 3745 948 3779 cum
977 3731 1112 3794 voluptate
1139 3744 1249 3780 cernere
1281 3739 1332 3782 ast.

234 3799 343 3851 remulci
361 3801 501 3864 culpabam
519 3815 644 3866 properos
655 3803 763 3852 adverso
801 3806 917 3855 Eandem
927 3806 1011 3869 algam
1020 3814 1163 3856 extractam
1173 3807 1270 3857 accolae
1281 3807 1331 3858 sic·

233 3873 457 3926 fluminecursus.’
475 3877 601 3927 Frslerua.
800 3888 870 3942 cant,
880 3888 908 3930 et
919 3881 1063 3945 pecudibus
1073 3881 1201 3945 prrebent.
1233 3882 1331 3932 Similia

266 3956 527 4020 tulmentum]
546 3956 673 4008 Halciarii
690 3957 763 4020 dicti,
800 3957 941 4022 descriptio
960 3957 1097 4009 Claudiani
1116 3974 1143 4023 p.
1156 3964 1214 4009 lto.
1230 3966 1258 4010 et
1269 3961 1331 4012 car·

233 4031 344 4081 adverso
362 4032 436 4082 alveo
455 4031 534 4081 etiam
551 4032 628 4081 ramis
647 4033 764 4084 adhibiti.
800 4031 896 4082 siodori
907 4047 968 4096 pag.
981 4036 1039 4082 28².
1056 4033 1155 4085 Freler.

234 4105 320 4156 Durus
331 4107 405 4157 labor
415 4114 443 4158 et
454 4115 533 4159 cantu
542 4108 671 4163 solandus.
686 4110 763 4161 Orid.
833 4108 962 4170 Linigeris
982 4107 1054 4172 sloh]
1071 4109 1190 4172 Rectius,
1211 4109 1281 4174 quod
1302 4109 1330 4159 in

235 4185 363 4244 papius.
381 4183 456 4235 Idem.
800 4182 899 4235 duobus
922 4183 1054 4236 codicibus
1071 4184 1151 4236 inissa
1168 4186 1331 4238 Pulmannna

1374 4265 1385 4289 b
