2804 4764
502 335 657 388 tusonrr
683 335 897 391 sorerosse·
1160 323 1252 390 idoli

153 475 410 537 siiMediolsuensis,
424 490 501 541 quem
521 484 597 542 putat
612 478 683 542 Sige·
720 479 811 529 titnlns
833 478 968 542 Epistola,
998 479 1031 530 ab
1051 480 1099 530 lsoc
1118 478 1249 544 Delphico

151 557 243 606 bertus
263 561 371 603 mortem
390 552 483 603 obiisse
499 568 566 603 uno
587 553 683 605 christi
720 552 987 619 inissabspsisstomr
1005 555 1074 604 uude
1092 554 1163 604 illum
1179 555 1249 605 iniis

154 630 409 695 quadringentesimo
427 636 457 678 et
472 631 567 679 tertios
585 637 612 680 ot
625 645 682 695 qun
720 629 811 690 literis,
831 638 860 678 et
877 631 904 678 in
923 630 1103 679 tertiadecima
1121 630 1154 680 sd
1171 633 1250 680 Sere·

152 706 225 756 inter
242 705 380 768 Augustini
398 705 528 767 Epistolns
539 711 644 755 exstent
653 706 683 754 li·
720 718 785 762 rom,
797 711 804 732 ⁸
814 703 960 754 dominnm'
971 713 998 754 et
1014 707 1135 770 ‘patrem
1145 706 1153 730 '
1164 715 1249 756 ronst.

154 789 221 832 teres
233 782 334 845 aliquot
345 780 378 829 sd
391 779 573 844 Augustinum.
589 779 648 830 silis
658 795 684 830 e·
720 779 849 843 Religioni
867 789 954 829 sutem
974 795 1051 845 qnnm
1070 783 1096 831 iu
1113 782 1199 846 patris
1219 781 1250 830 li·

147 857 684 922 jusseriptnmemorstGennadinssqnn
721 853 785 904 bere
804 869 895 905 sacsre
916 870 966 905 non
989 871 1066 920 posse
1088 871 1117 906 se
1139 856 1249 919 rideret,

154 935 284 985 hauddum
304 935 365 984 mihi
386 934 475 985 ridere
498 937 618 1000 contigit,
636 949 685 987 nec
722 931 895 981 secedendum
912 932 1020 983 censuit.
1052 932 1252 983 Barcinonensis

156 1010 227 1075 quod
238 1011 330 1073 poema
339 1010 373 1060 ds
382 1011 494 1074 Regibus
503 1013 530 1061 in
541 1013 580 1061 iris
592 1011 684 1062 litteris
721 1008 778 1073 ejus
800 1023 915 1059 ιιιιιιιι
930 1008 1003 1075 (urbs
1022 1017 1075 1073 est,
1084 1018 1114 1061 ut
1125 1011 1252 1071 dicemus,

155 1086 229 1137 sealt
240 1100 272 1137 eo
288 1087 420 1151 accepisse
436 1087 529 1137 scribit
540 1088 684 1138 Ausonius:
722 1085 858 1148 llispsnim
869 1085 996 1150 Barcino)
1007 1086 1141 1136 mentiotit
1151 1088 1177 1136 in
1189 1087 1253 1149 Epi·

155 1171 274 1212 ueterum
285 1176 343 1224 quse
355 1164 481 1224 recensui,
492 1164 547 1213 huc
558 1164 619 1227 quin
635 1163 687 1212 sint
723 1161 796 1212 stolis
816 1162 922 1211 Ausonii
940 1163 1064 1212 uicesimo
1083 1164 1165 1227 prims
1176 1169 1204 1213 et
1215 1161 1253 1211 sl·

156 1238 274 1301 ejusdem
280 1239 383 1287 Paulini
390 1239 585 1302 Bnrdlgslensis
592 1240 688 1304 oannis,
724 1237 818 1289 cesirm
828 1244 938 1302 quarta:
954 1240 1026 1304 cnjus
1033 1247 1062 1289 et
1069 1240 1125 1302 lpse
1136 1238 1254 1289 meminit

158 1314 278 1364 dubitare
290 1329 341 1364 non
357 1315 447 1365 debuit
456 1315 552 1366 Petrus
562 1316 687 1368 Crinitus.
725 1313 841 1364 Ausonio
860 1315 1018 1378 respondens
1033 1316 1151 1380 Epistola
1161 1315 1256 1379 prims,

159 1389 245 1442 Quem
263 1392 356 1440 merito
375 1393 566 1456 reprehendere
584 1392 688 1443 ridetur
724 1397 753 1441 et
771 1391 798 1440 in
819 1398 936 1440 extrema
962 1390 994 1440 sd
1022 1391 1145 1441 Serenum
1170 1396 1255 1442 sexte.

158 1466 275 1516 Badius:
291 1467 360 1530 qnod
373 1481 406 1516 ex
415 1468 476 1518 stilo
488 1468 610 1532 judicans
621 1467 686 1517 duos
723 1467 810 1516 Italici
827 1481 898 1530 vero,
912 1471 941 1516 et
957 1467 1090 1530 Campani,
1105 1474 1133 1517 et
1150 1465 1257 1527 Noluni,

158 1540 252 1592 feeerit
272 1542 403 1605 Psulinos,
421 1558 499 1593 unnsn
518 1545 687 1608 Burdigalen·
723 1542 866 1608 (provincie
882 1551 923 1592 est
946 1541 1040 1598 ltalin,
1059 1541 1210 1604 Cempsnis,
1226 1546 1256 1590 et

159 1632 219 1667 sem·
235 1619 327 1680 civem,
343 1620 471 1670 Nolsnsm
482 1623 639 1684 Episcopum
650 1621 687 1670 sl·
723 1618 871 1681 Campsuln
883 1618 944 1666 nrbs
956 1615 1046 1680 Nols,)
1062 1616 1184 1680 pluribus
1190 1614 1259 1666 locis

159 1701 255 1743 terum.
299 1693 374 1743 ldens
399 1709 509 1759 namque
530 1695 687 1745 Hortensius
723 1696 879 1746 mentionem
892 1693 956 1743 iecit
967 1693 1101 1749 Paulinus,
1116 1700 1144 1742 nt
1155 1693 1183 1741 in
1193 1691 1255 1754 Epi·

158 1768 248 1832 magis
268 1767 357 1818 floruit
381 1770 504 1830 (licendo,
526 1770 688 1832 adolescens,
724 1772 791 1820 stols
802 1770 886 1833 prima
896 1768 1076 1820 stes'ernm:
1096 1768 1139 1817 ubi
1150 1782 1178 1817 se
1190 1766 1256 1817 dicit

160 1858 238 1908 qnsm
259 1846 359 1894 senior:
377 1853 404 1894 et
425 1846 572 1897 Christisns
596 1849 687 1910 pietas,
725 1862 818 1911 panem
828 1847 985 1909 Csnrpsnum
1002 1844 1035 1893 de
1051 1845 1144 1893 cellnla
1155 1843 1260 1893 sasso.

160 1920 270 1982 mandis
280 1920 337 1980 ists,
347 1920 473 1982 sublimis,
492 1931 521 1971 et
537 1921 636 1984 incute,
648 1937 687 1972 re·
725 1935 786 1970 rero
798 1920 906 1981 misisse,
914 1933 990 1982 quem
1009 1927 1093 1981 rogat,
1105 1925 1134 1967 ut
1145 1917 1177 1966 sd
1188 1930 1217 1967 se
1228 1917 1255 1965 in

160 1994 258 2056 spuit:
287 1995 423 2044 humilibus
449 1995 567 2061 serimus
592 1997 689 2059 gaudet
726 1993 1257 2060 Campanismeilsliissinnmvetosper·

161 2071 254 2133 nssgis.
285 2070 346 2121 ,lom
356 2085 414 2134 qun
426 2071 459 2119 de
476 2072 529 2121 vita
539 2072 689 2122 etmoribns
725 2072 869 2123 vehendum
878 2079 968 2120 curet:
985 2070 1070 2136 ‘qnod
1079 2071 1204 2121 Narbone
1212 2069 1258 2118 sd·

162 2146 269 2195 Paulini
289 2162 321 2195 cx
341 2147 399 2209 ejus
420 2147 510 2210 ipsius,
526 2156 553 2197 et
573 2148 690 2208 Antonii,
726 2151 774 2199 huc
792 2148 855 2208 nos:
873 2148 965 2212 inquit,
977 2147 1090 2196 ‘urbm
1110 2145 1257 2198 credimus!

162 2222 302 2281 Ambrosii,
311 2223 470 2285 Hieronymi,
481 2222 631 2288 Augustini,
643 2225 689 2273 ali·
727 2227 768 2275 Ex
786 2223 879 2288 quibus
897 2223 982 2272 serbis
993 2224 1064 2272 illum
1076 2230 1185 2286 apparet
1196 2229 1259 2272 ante

163 2312 288 2362 urumque
299 2298 435 2362 equalium
452 2299 556 2362 scriptis
571 2299 691 2363 cognovi,
728 2299 853 2350 Narbone
876 2298 1032 2363 aliquandiu,
1051 2299 1145 2347 relicte
1165 2297 1260 2364 petris,

164 2372 279 2423 breviter
298 2373 475 2436 perstringsm.
507 2373 551 2422 lili
567 2386 625 2423 oum
637 2372 691 2423 riu·
728 2376 929 2439 degisse,qusm
945 2373 1262 2438 ineampsnlsmsecons

163 2449 252 2498 senius
274 2449 382 2498 dixisset
399 2449 425 2498 in
443 2448 617 2512 Epistularum
638 2449 691 2499 An·
730 2451 847 2502 tulisset:
864 2449 890 2498 in
906 2447 1170 2498 deeimssdeundesn
1181 2446 1262 2496 Sere·

163 2524 232 2574 senii
252 2523 372 2573 vicesima
399 2532 510 2588 quarta:
538 2527 614 2590 ‘Ego
635 2541 691 2579 sum
730 2540 795 2586 rum,
815 2526 841 2573 in
862 2523 976 2576 secunda
996 2523 1030 2573 ad
1047 2524 1217 2588 Delphinum,
1233 2524 1261 2575 in

166 2607 226 2649 tuns
236 2600 311 2656 altor,
324 2607 351 2648 et
368 2601 411 2649 ille
421 2601 574 2664 Praeceptor
585 2602 692 2665 primns,
730 2602 843 2652 secnuda
871 2602 904 2652 nd
925 2602 1087 2652 victricium.
1120 2603 1156 2651 Et
1171 2601 1262 2651 litem

165 2683 283 2727 aeterum
305 2677 412 2740 lnrgitor
435 2677 569 2739 honorum,
590 2678 692 2728 Primus
731 2679 787 2728 illss
805 2678 838 2728 ad
854 2679 976 2728 Severum
996 2678 1147 2742 Sulpicium,
1161 2678 1193 2740 sl,
1211 2692 1262 2744 quo

165 2752 194 2801 in
217 2751 345 2801 Aonidum
368 2754 411 2817 qui
433 2761 459 2802 te
475 2755 587 2818 collegis
604 2755 694 2816 ‹luxi3'
732 2754 830 2804 Badius
848 2753 931 2802 edidit
946 2753 1045 2816 ordine,
1063 2754 1154 2804 eodem
1168 2754 1262 2804 scirem

164 2828 429 2891 responditlsmbico
446 2829 532 2879 Germ.
554 2831 692 2881 Psnlinus:
732 2828 812 2879 fnisse
829 2830 949 2891 scriptas,
967 2829 1081 2878 dicerem
1098 2830 1262 2879 Paulinume

168 2903 247 2952 ‘moi
257 2903 418 2966 disciplinas,
428 2904 590 2969 dignitatem,
598 2907 696 2969 literas,
733 2904 818 2968 patris
828 2918 875 2952 ιιι
890 2904 917 2953 iu
931 2903 1034 2952 ltaliam
1054 2904 1162 2967 primum
1178 2916 1264 2952 seces-

168 2978 288 3041 lingna,
308 2985 337 3027 et
360 2986 439 3042 togae,
460 2989 487 3028 et
511 2979 586 3031 famas
608 2981 696 3041 decus,
734 2982 809 3035 aisse:
828 2980 889 3029 inde
906 2980 931 3027 in
944 2979 1097 3043 Hispaniam
1110 2978 1263 3041 venisse,se

168 3054 326 3114 Prnveotus,
343 3054 419 3115 situs,
437 3055 578 3120 institutus,
597 3056 697 3107 debeo:
734 3071 821 3107 rursus
832 3056 858 3104 in
869 3054 973 3104 ltaliam
984 3054 1157 3103 concessisse:
1176 3054 1219 3117 qni
1231 3060 1264 3103 <et

168 3128 263 3192 Ibique
271 3128 422 3189 Ausonium,
433 3132 604 3195 ‘pstronnsn,'
614 3134 623 3162 ‘
633 3147 697 3197 prar-
734 3135 760 3185 in
773 3133 889 3197 Epistola
902 3133 947 3180 illa
964 3136 1039 3180 rests
1056 3131 1106 3180 hoc
1117 3130 1176 3179 milri
1187 3131 1264 3194 signi·

169 3210 320 3269 ceptorum:
346 3206 481 3268 ‘patrem'
499 3209 652 3270 appellarit,
665 3223 697 3258 se
734 3209 813 3259 ficere
826 3207 1024 3269 ridetur,qnnm
1032 3206 1070 3256 alc
1079 3205 1169 3255 scribit
1178 3205 1210 3255 sd
1218 3205 1264 3255 Ss-

170 3281 260 3332 mrrltis
273 3281 329 3331 aliis
347 3282 373 3330 in
387 3283 458 3331 locis.
490 3284 586 3333 Consul
606 3285 698 3334 lionis·
736 3298 823 3332 serum
840 3281 991 3344 Sulpicium,
1004 3282 1047 3344 qni
1060 3288 1123 3331 tunc
1133 3288 1191 3331 erst
1202 3280 1266 3329 Elu-

170 3369 221 3404 nus
231 3362 293 3405 ante
305 3355 445 3407 Ausonium
455 3357 515 3419 fuit,
523 3367 551 3409 nt
558 3374 698 3423 cognosces
735 3373 773 3410 su
790 3358 936 3423 Aquitaniae
954 3357 1077 3420 onitate,
1093 3356 1160 3405 unde
1177 3357 1266 3406 Elusa-

171 3444 207 3480 es
218 3430 336 3493 Epistola
354 3432 483 3492 vicesima,
499 3433 548 3483 hoc
570 3441 620 3497 est,
637 3440 698 3484 sute
736 3450 795 3484 nsm
814 3434 917 3498 plebem
936 3432 1002 3482 dixit
1019 3433 1087 3483 ide·
1107 3434 1217 3482 Serenus
1239 3432 1267 3480 ln

170 3519 267 3555 annm
286 3506 383 3556 Christi
405 3509 614 3559 trecentesimum
629 3516 699 3558 octo·
737 3511 852 3560 Historia
864 3508 897 3558 de
915 3507 1076 3558 Priscillisno
1094 3507 1268 3569 conetense

170 3584 298 3649 gesimnm
310 3584 514 3646 secuudum,sed
525 3586 700 3636 extraordins·
739 3582 855 3634 Elusates
866 3599 880 3631 o
891 3597 937 3645 pro
953 3597 970 3630 ss
987 3591 1061 3632 setus
1078 3582 1267 3646 provinciarum

173 3660 237 3722 rins,
250 3668 280 3709 ut
291 3659 422 3709 dicemus:
442 3674 551 3723 eumque
567 3662 700 3724 magistra·
738 3660 915 3711 nomenclator
930 3659 958 3706 in
974 3656 1139 3707 recensendis
1154 3656 1269 3720 Popnls·

174 3745 229 3788 torn
247 3734 355 3785 Ausonii
370 3749 449 3798 opers
465 3734 570 3785 videtur
586 3736 702 3800 sdeptns.
740 3737 789 3786 nin
802 3733 974 3784 Civitatibus:
990 3733 1063 3782 ‘Nos
1074 3732 1150 3782 modo
1165 3734 1192 3783 in
1204 3734 1269 3783 Ber·

176 3813 292 3863 Uxorem
311 3811 570 3874 hebnit'l’lrernaism,
586 3826 637 3861 uon
657 3812 702 3860 mi·
740 3812 882 3871 elnonensi,
890 3809 1270 3872 utentescripsersm,ciritste

175 3903 225 3939 nus
243 3889 299 3937 siro
318 3888 387 3951 piam
407 3894 435 3936 et
451 3895 574 3937 sanctam.
607 3886 704 3937 Nescio
741 3886 913 3947 consistimus,
923 3894 983 3948 post
998 3885 1055 3934 iilss
1066 3885 1164 3945 literas,
1176 3884 1270 3948 qnlbns

178 3971 258 4028 quoto
275 3963 361 4011 etatis
374 3976 440 4010 anno
460 3963 704 4025 postconsulatum
741 3961 909 4024 rescripsisti,
930 3959 973 4009 die
992 3957 1105 4019 Domini,
1126 3974 1177 4022 qno
1196 3960 1270 4009 unsel

177 4041 330 4103 religionem
351 4037 524 4087 Christinnam
551 4038 585 4087 sit
605 4036 706 4101 profes·
742 4032 1271 4099 eornedignstusest,repentina,utlpse

178 4132 232 4179 ιιι,
243 4116 288 4166 sed
300 4129 357 4164 enm
370 4112 498 4175 significet
510 4113 706 4177 primnsdliel·
743 4111 818 4161 testis
827 4117 876 4171 est,
888 4110 912 4158 ri
922 4105 1102 4165 multitudiuis,
1113 4106 1168 4169 sed,
1179 4107 1269 4173 credo,

179 4193 286 4262 ,hicnon
312 4189 528 4253 burdigalensem
550 4190 708 4255 Episcopum
743 4184 824 4250 1911118
832 4181 1002 4244 οῐᾱίὓῑῦθῦθ,
1011 4188 1191 4247 eo''illilus“
1199 4197 1272 4248 lm·-
