2804 4764
226 309 314 374 130⁰·
580 317 687 367 uorat
712 313 912 401 vsotoauu
939 311 976 359 tu

228 460 451 530 opportunitatem
474 458 568 509 adium
589 471 692 507 suarum
711 470 755 518 ps·
793 454 873 517 cepit,
883 453 935 502 diri
956 452 1139 514 lmperstorcs.
1172 451 1332 503 Nomcoim

229 549 296 596 teus.
305 537 467 594 nobiliorem,
475 534 693 595 salubrioremque
700 530 757 580 fore
793 531 861 579 dicio
868 536 917 585 ert,
928 528 990 576 viris
999 530 1109 577 strenuis
1118 528 1174 577 hacc
1185 532 1330 583 cunvcuire

228 615 365 681 predicat.
391 613 412 660 si
439 611 471 659 ab
498 610 543 659 illo
575 608 756 659 coucedatur:
794 605 828 656 oh
846 605 982 654 virtutem:
1008 611 1086 667 atqua
1105 603 1164 652 ideo
1185 604 1262 653 vohis
1283 606 1331 655 hu·

228 694 237 721 ⁸
250 692 334 742 Quam
347 687 450 737 dederis
459 683 702 746 nostrir,Augoste.
713 694 758 744 pe·
789 685 902 749 jusmodi
923 683 1022 753 insigna
1033 680 1140 730 deberi:
1157 695 1269 745 quorum
1289 683 1330 732 tli-

230 766 333 814 ustihut
354 764 458 821 undaro,
475 760 586 810 Castalis
602 759 658 808 hacc
674 757 758 816 nohis,
795 764 868 812 riom
880 760 979 809 animus
998 757 1079 820 magis
1098 758 1280 807 testimonium
1292 759 1330 807 ri·

230 849 276 891 aut
290 838 453 891 Jovisimher
465 837 516 886 erit
526 835 541 884 ι’
557 833 758 888 stromateum
795 838 919 900 pilentis,
928 850 1003 899 quom
1022 848 1098 882 omen
1109 841 1248 897 expectat.
1281 835 1329 884 So·

230 917 349 969 amicum.
372 912 417 977 qui
439 920 526 975 togam
544 911 612 960 ‹lono
633 909 758 958 dederat:
795 914 858 963 mite
873 912 962 975 igitur,
973 909 1124 958 defensores
1134 908 1249 972 publica
1262 912 1330 960 ulu-

230 994 238 1020 ⁴
251 991 335 1040 Vilior
345 988 480 1037 limcnobis
497 987 550 1036 alio
565 987 685 1035 mittente
696 982 759 1033 fuit·
795 988 839 1048 tis,
848 985 1152 1036 solemniterauroducta
1162 987 1332 1036 munuscula'

230 1073 281 1128 set,
304 1066 363 1115 Non
384 1075 536 1127 quocunque
558 1075 635 1110 manu
653 1060 761 1109 victims
795 1063 886 1116 optet
895 1061 980 1124 Epist.
993 1073 1042 1109 xx.
1059 1059 1104 1108 lib.
1119 1073 1144 1109 x.
1159 1061 1199 1108 sic
1215 1061 1328 1125 incipit:

231 1156 298 1192 cissa
310 1139 386 1189 litat.'
422 1140 452 1187 lo
462 1137 682 1201 Actiooequoque
693 1135 760 1184 Gra·
794 1139 940 1189 ‘Kalendas
948 1138 1008 1185 anni
1017 1137 1145 1199 auspices,
1153 1138 1250 1201 quibus
1260 1153 1331 1188 meo·

232 1218 325 1268 tiorum
338 1216 369 1264 ad
387 1215 538 1265 Gratianum
554 1213 758 1276 imperatorem:
794 1216 861 1265 sium
878 1227 996 1263 recursus
1011 1212 1137 1275 operitur,
1147 1212 1329 1275 impertiendis

230 1292 378 1342 ‘Trabeam
392 1304 443 1339 oon
453 1290 535 1352 magis
547 1304 609 1339 suro
621 1302 760 1351 somonam
795 1289 889 1340 strenis
904 1287 1010 1336 'dicarit
1029 1287 1181 1350 antiquitas,
1202 1288 1258 1338 divi
1278 1289 1330 1340 ltu·

232 1381 337 1417 mouere
350 1373 394 1414 tuo
404 1363 585 1427 splendidam!
604 1366 737 1414 samaias
796 1363 1068 1431 potatoresTheotlosi
1078 1371 1105 1412 et
1116 1363 1235 1414 Arcadi)
1253 1366 1329 1415 Iden.

264 1440 430 1502 SExiosgc]
454 1440 553 1490 Eadem
572 1438 760 1502 significatione
829 1438 1078 1502 ocholrnumirmo
1095 1438 1229 1502 Phiiippus]
1254 1440 1327 1490 Idem

232 1518 258 1568 lu
269 1517 393 1582 Epistola
405 1528 479 1564 nouo
490 1528 566 1564 vorsu
577 1514 698 1563 vicesimo
709 1520 760 1563 ter·
797 1515 997 1568 Hamistichium
1008 1514 1034 1562 io
1054 1514 1172 1576 Epistola
1192 1528 1219 1563 v.
1230 1530 1263 1564 ex
1277 1515 1331 1565 lio·⁴

234 1594 282 1643 tio.
302 1592 408 1641 Virrius.
797 1593 857 1643 tatii
877 1591 998 1654 Epistola
1019 1590 1103 1652 primo
1126 1589 1187 1638 libri
1211 1592 1330 1654 secundi,

269 1665 492 1729 Qsoestorisoraics]
509 1664 625 1716 Ausonii.
658 1663 684 1712 Is
694 1663 762 1712 euim
798 1669 842 1720 ubi
864 1666 1025 1731 ‘Philippos'
1043 1666 1110 1716 dixit
1122 1667 1285 1731 Philippeos,
1304 1670 1329 1719 itl

230 1727 409 1793 'Valentiniani
427 1755 456 1791 se
466 1751 494 1792 ot
510 1742 628 1791 Gratiani
641 1741 761 1791 Quarto·
798 1752 848 1809 est,
860 1745 975 1807 Philippi
987 1744 1056 1805 regis
1067 1743 1243 1794 Macedonum
1256 1747 1331 1794 vultu

234 1834 288 1870 rem
300 1818 380 1867 fuisse
400 1817 467 1867 dixit
479 1819 505 1867 io
516 1817 675 1879 Protreptici
686 1830 762 1865 verso
798 1822 912 1884 signatos
933 1834 1058 1868 nummos.
1089 1817 1224 1882 Acceptos
1242 1828 1328 1871 autem

233 1894 400 1958 nonagesimo
413 1895 503 1958 primo.
535 1895 761 1954 &sussurim-
799 1897 1050 1947 Horatiosdixarst:
1065 1896 1329 1961 ‘Rettulitaccoptos

234 1972 342 2035 pallatio
354 1970 438 2020 adhoc
455 1971 585 2019 mauritio
604 1974 693 2018 nostra
702 1967 763 2016 Gai·
799 1973 885 2035 regale
897 1971 1022 2019 ottmisuta
1035 1970 1189 2034 Philippos!
1199 1972 1329 2036 Ausonius

233 2048 284 2097 lia:
302 2048 434 2096 mansitat
452 2061 521 2107 usus,
531 2046 577 2095 sed
589 2059 639 2094 noo
651 2051 763 2108 quantus
799 2047 928 2096 verodom
941 2046 1087 2095 Horatiano
1097 2062 1172 2096 vorsu
1181 2063 1239 2097 cum
1248 2050 1331 2101 amico

233 2123 302 2173 iuter
321 2124 419 2186 priscos
438 2121 488 2172 fuit
504 2124 640 2172 Romanos.
672 2122 763 2169 Sueto·
798 2120 1092 2184 ludensintegmml'ere
1102 2124 1331 2187 protulit,proillo

234 2197 293 2248 ttius
304 2197 337 2247 de
350 2196 480 2258 Augustos
498 2194 762 2248 ‘Omoesordioasin
799 2202 921 2261 acceptos,
939 2198 1080 2258 interceptos
1101 2198 1178 2260 dixit,
1196 2213 1245 2248 seu
1267 2202 1331 2250 ohli-

233 2273 318 2324 lacum
336 2273 419 2323 Curtii
431 2274 568 2336 quotannis
587 2285 620 2320 ex
637 2279 762 2333 voto‚pro
799 2274 874 2322 sione
886 2275 1044 2336 interceptos
1055 2273 1194 2335 intelligat,
1204 2290 1251 2324 seu
1263 2278 1332 2341 quia,

235 2348 318 2396 salute
330 2348 396 2409 ejus,
411 2348 504 2409 stipem
516 2345 659 2408 jaciebant.
693 2345 762 2394 Item
800 2363 864 2413 qoos
875 2349 1022 2411 Imperator
1038 2349 1132 2398 Ursulo
1150 2351 1265 2400 misisset
1278 2354 1330 2402 lla·

235 2421 360 2470 Kalendis
378 2421 510 2473 Jaootriis
525 2429 638 2470 strenam
650 2421 676 2469 in
687 2421 763 2483 Copi-
799 2424 868 2476 laod.
887 2424 960 2488 ipsis,
970 2424 1062 2488 aliquis
1072 2425 1159 2489 aliquo
1169 2426 1246 2475 modo
1257 2441 1330 2477 stot-

234 2495 298 2545 tolio
317 2497 396 2543 etiam
417 2494 534 2544 absenti!
573 2496 616 2545 Do
640 2495 761 2544 Tiberio:
800 2500 884 2560 thret,
894 2501 1134 2563 intercepissetque.
1156 2503 1232 2550 lucis.

232 2571 241 2598 ⁴
254 2569 413 2620 Quotidiano
427 2571 516 2617 oscula
526 2571 657 2634 prohibuit
667 2570 763 2619 edicto.
832 2580 848 2623 9
867 2576 929 2631 Quot
940 2578 1061 2623 conamissu
1072 2575 1144 2638 ciris]
1160 2577 1254 2626 Tribus
1275 2580 1330 2629 Ho-

234 2644 302 2694 ltem
314 2651 458 2692 strenarum
478 2645 669 2706 commercium,
686 2660 717 2694 ne
729 2646 765 2694 ttl·
801 2651 874 2699 ratiis
887 2652 1142 2711 Romuttis‚ettt·ibus
1154 2653 1277 2703 curristiis
1286 2654 1331 2703 At-

234 2729 277 2769 tra
290 2721 421 2769 Kalendas
432 2722 569 2773 ianuarias
579 2721 764 2771 exerceretur!
802 2726 885 2775 banis.
902 2727 976 2774 Titus
989 2728 1074 2775 Livius
1087 2741 1103 2775 ι.
1125 2729 1201 2777 Idem.

233 2794 273 2843 De
284 2795 420 2858 Caligula:
437 2798 445 2824 ⁴
461 2796 550 2845 Edixit
564 2804 592 2846 et
607 2806 707 2846 strenas
724 2800 762 2847 io·
834 2807 864 2851 10
883 2803 991 2864 Quosque
999 2807 1065 2852 doces
1075 2806 1257 2870 rumpantque
1267 2808 1334 2857 domi

235 2877 389 2918 cuuteanoo
401 2885 429 2918 se
440 2879 619 2934 recepturum:
637 2874 763 2938 stetitque
799 2878 898 2940 recidas]
927 2881 1015 2939 Diem,
1026 2882 1069 2945 qui
1085 2890 1125 2930 art
1144 2885 1177 2931 ab
1194 2891 1253 2932 ortu
1264 2886 1330 2934 h'olis

233 2943 259 2992 in
279 2946 404 2994 vestibulo
422 2946 516 2995 mulium
528 2947 652 2998 liuleotlis
666 2950 762 3001 ianus·
801 2952 832 3000 sd
845 2968 973 3014 occasum,
984 2954 1051 3002 illius
1062 2958 1149 3005 saeculi
1162 2958 1330 3021 horologisitt

234 3020 289 3080 riis,
300 3020 331 3067 ad
343 3022 486 3084 captandos
508 3026 608 3087 stipes:
634 3040 697 3088 quat
709 3026 762 3088 ple·
801 3032 840 3076 tu.
852 3028 927 3075 horas
946 3030 1033 3090 quovis
1050 3033 1110 3080 suoi
1129 3041 1246 3095 ternpore
1267 3035 1331 3084 olvi-

234 3095 419 3145 oisanteeum
440 3099 664 3149 manihrtsucsinu
681 3101 761 3149 omnis
800 3104 907 3165 debunt,
924 3112 952 3153 et
968 3113 1071 3154 noctem
1091 3108 1224 3157 situiliter:
1249 3125 1330 3174 qnare

234 3171 335 3233 generis
363 3173 440 3220 turbs
464 3172 611 3225 fundebat.'
642 3177 762 3225 Streuom
800 3180 909 3229 Ursulus
926 3181 977 3239 hic,
991 3182 1180 3246 ludimagister,
1196 3199 1244 3232 tex
1262 3187 1330 3235 iilius

234 3246 319 3294 vocari
328 3246 419 3296 scribit
431 3249 535 3309 Festos,
546 3265 603 3313 quae
612 3252 687 3300 detur
699 3253 706 3279 ‘
719 3252 762 3301 die
801 3255 853 3304 diei
874 3257 943 3305 horis
965 3258 1085 3321 docebat,
1099 3266 1134 3309 et
1154 3273 1201 3309 sex
1224 3262 1330 3327 reliquis

234 3323 363 3384 religioso,
376 3324 465 3373 ominis
478 3326 538 3374 booi
547 3329 639 3389 gratia,
649 3343 663 3377 a
675 3343 762 3378 uome-
800 3332 926 3381 cessabat.
945 3334 1018 3383 Idem.

233 3410 272 3459 ro,
286 3412 335 3461 quo
344 3398 503 3461 significetur
515 3403 634 3465 alterum,
646 3405 762 3453 tertium·
833 3410 862 3455 ll
884 3408 954 3456 Ostia
972 3416 1027 3471 quot
1049 3426 1092 3473 pro
1110 3413 1191 3474 porte]
1219 3413 1329 3479 Amphi·

233 3487 284 3538 qoe
296 3482 432 3524 venturum
444 3477 533 3526 similis
544 3481 680 3541 commodi,
692 3482 762 3530 volit·
800 3483 929 3533 theatrum
941 3487 983 3533 ovi
998 3485 1079 3549 figura
1093 3486 1183 3550 fuisse,
1194 3499 1221 3539 ct
1233 3492 1330 3540 medio·

234 3549 255 3597 ti
264 3556 371 3613 ternam,
379 3554 517 3615 praeposita
525 3555 541 3603 S
550 3556 760 3617 litters‚utinlo·
800 3559 879 3608 criter
891 3559 961 3609 docti
972 3562 1071 3610 sciuot:
1095 3563 1121 3610 id
1133 3572 1220 3613 autem
1232 3566 1330 3616 ‹luode-

234 3625 367 3685 oo‚etlite
379 3625 508 3677 faciebant
519 3631 634 3694 antiqui!
660 3632 760 3681 Nouius
800 3635 925 3684 cimostia
944 3636 1066 3699 habebat,
1084 3646 1114 3686 nt
1133 3645 1162 3687 et
1173 3643 1250 3702 pauci
1268 3657 1329 3706 qoo-

234 3698 761 3757 hlsroeliusa‘strenuitate'dictsmesse
800 3723 850 3773 que
871 3711 966 3761 eruditi
989 3713 1123 3775 ignoranti
1152 3716 1236 3778 Igitur
1256 3718 1329 3767 ‹iimi-

233 3772 323 3835 tradit,
351 3781 379 3824 et
404 3775 572 3838 Symmachus
601 3782 625 3828 in
649 3782 760 3843 Epistol.
800 3788 869 3837 dium
894 3791 1077 3852 amphitheatri
1098 3809 1201 3858 sempor
1222 3796 1331 3848 hebebit

233 3860 336 3898 xxvtu.
351 3849 760 3920 ‘Abexortu‚’ioquithtc‚‘pa·
799 3871 900 3926 septem
920 3866 995 3926 ostia,
1018 3876 1046 3916 ut
1067 3868 1200 3921 dimidium
1221 3872 1330 3924 Zodisci

167 3938 168 3941 ¹
232 3924 761 3981 ueUrhishlartioastreosromususado·
798 3953 900 4001 scmper
922 3940 1001 3989 habet
1021 3951 1120 4005 septem
1149 3946 1232 4010 signa.
1269 3949 1329 4000 Jaut

203 4047 205 4051 ,
232 3997 306 4061 levit,
327 4001 483 4052 auctoritate
507 4003 575 4053 Tatii
601 4007 687 4069 regis:
715 4011 760 4073 qui
799 4013 890 4062 Circus
910 4014 1043 4066 dividatur
1059 4019 1084 4066 ln
1104 4020 1283 4086 decumanum,
1302 4033 1329 4074 et

233 4071 358 4122 verbenas
374 4072 457 4123 felicis
468 4076 568 4127 achoris
580 4082 759 4135 axluooStre·
798 4088 946 4139 cortliuem:
977 4091 1009 4138 th
1025 4107 1053 4154 Α,
1073 4095 1105 4143 ad
1119 4106 1150 4151 o.
1172 4099 1327 4149 decumanos

232 4145 292 4207 nic,
305 4150 364 4198 suoi
382 4150 440 4198 uoti
462 4154 587 4220 suspicer,
604 4158 700 4219 primus
717 4176 759 4211 sc·
798 4164 849 4213 sit:
867 4179 884 4212 a
895 4165 963 4227 aad
977 4178 1005 4230 o,
1015 4169 1103 4219 cardo.
1137 4174 1193 4237 Ego
1205 4176 1288 4228 aioab
1299 4190 1326 4238 s,
