2804 4764
231 302 316 367 luzo
577 312 684 362 uorat
709 310 910 359 vnaronuu
934 309 973 358 ru

231 458 308 506 etiam
328 455 372 505 illa
390 461 458 518 sunt,
474 469 531 520 quse
548 453 656 503 Ausonii
676 454 759 502 locum
796 452 912 501 meminit
933 449 1101 509 Ptolomeus,
1123 445 1194 497 libro'
1212 447 1324 498 seeundo

228 533 296 581 huno
318 530 451 595 aperiant:
477 530 537 580 ‘An
558 527 704 589 sustinere,'
721 529 759 576 iu·
796 526 969 590 Geogrsphia
987 531 1016 574 et
1026 521 1177 572 Ammianus
1194 523 1325 574 Marcelli·

230 608 297 672 quit,
313 607 460 656 ‘tuscorum
480 611 508 653 et
523 604 605 653 solum
626 604 757 652 oculorum
794 615 843 651 nus
853 601 952 664 aliquot
964 598 1036 648 locis.
1053 599 1130 647 Mens.

230 687 333 729 tuorum
355 678 422 728 ferre
444 679 591 741 conjectum
614 677 657 726 illa
678 692 758 742 quou-
826 675 964 738 momen]
987 675 1138 724 Maximum.
1156 673 1225 731 ,Ηὶο
1247 688 1325 739 quum

229 753 288 803 darn
321 754 411 802 domus
447 760 497 801 tuor
524 752 757 815 negligentissimus
794 750 967 800 inBritauuis
981 749 1143 814 tyrannidem
1162 749 1327 813 arripuisset,

229 829 336 878 vernula
366 829 590 891 mensularumque
624 829 756 878 servilium
795 834 823 877 et
834 827 860 875 iu
872 827 984 877 Galliam
995 839 1053 876 euru
1065 825 1212 889 lugentibus
1234 826 1325 875 tranui-

229 901 352 964 sisinnius
375 903 428 951 lixa
450 903 576 965 potuisset
586 901 604 950 i*
648 905 756 953 Factum
794 903 955 966 issetcopiis‚
963 901 1117 952 Gratianum
1125 902 1326 964 Imperatorem,

123 1003 126 1009 ·
228 984 357 1040 praeterea
368 983 462 1026 eventu
474 977 645 1038 memorabili,
661 985 690 1028 ut
705 979 758 1027 lm·
794 976 902 1026 Ausonii
915 976 1077 1040 discipulum,
1092 975 1261 1025 Merobaudis
1273 991 1325 1025 ma·

228 1127 471 1190 periterjudicatos,
479 1143 509 1178 sc
518 1126 573 1177 sere
581 1130 756 1193 cognomines,
794 1126 1010 1189 risiusaupersvit
1074 1127 1115 1175 -iu
1135 1126 1238 1176 ltsllam
1259 1126 1324 1191 togi-

228 1204 369 1252 Maximum
393 1201 516 1252 videlicet
536 1204 614 1267 hunc,
630 1213 657 1253 et
673 1205 757 1254 Maxi·
794 1208 890 1263 entem,
906 1202 1025 1266 Lugduni
1077 1202 1126 1266 pit,
1143 1217 1211 1252 auno
1230 1203 1325 1253 Christi

227 1278 322 1326 minum
335 1278 469 1327 Maximini
481 1286 590 1340 patrem,
606 1281 676 1328 clara
696 1279 757 1330 urbs
794 1279 976 1327 trecentesimo
1011 1278 1170 1340 octogesimo
1202 1281 1324 1341 septimo.

226 1353 756 1420 Aquileio,publicaornuiumletitia,pn·
794 1354 894 1403 Postea
905 1368 982 1416 quum
1001 1368 1029 1402 se
1048 1352 1194 1416 Aquileiam
1213 1354 1326 1417 recepis-

227 1429 314 1479 uierit.
349 1430 757 1493 CujusillaetiuminMsximini
794 1435 845 1490 set,
872 1443 887 1477 a
912 1427 1095 1477 Valentiniano
1126 1435 1154 1477 et
1180 1427 1324 1479 Theodosio

168 1552 174 1559 ,
226 1503 333 1553 senioris
342 1506 439 1554 caedens
448 1503 676 1569 fidescelebratnr,
687 1506 756 1570 quod
794 1503 1324 1566 Imperatoribunillicexntiuctusest,an·

226 1592 284 1627 curn
296 1578 330 1627 nd
341 1579 512 1628 intendendos
530 1595 604 1630 arcus
621 1581 693 1631 uerri
713 1583 756 1633 de·
793 1593 827 1628 uo
837 1579 935 1628 Christi
945 1580 1129 1629 trecentesimo
1144 1588 1172 1629 et
1188 1581 1323 1645 nonageni·

226 1653 390 1716 fecinsente
412 1656 548 1704 mulierum
564 1657 677 1707 crinibus
695 1674 755 1709 con·
792 1669 834 1703 mo
855 1655 947 1717 primo.
982 1654 1100 1704 Aurelius
1118 1654 1220 1717 victor,
1241 1654 1324 1719 salpi·

225 1726 289 1779 tecti
301 1729 377 1779 funes
393 1731 453 1780 sint.
488 1731 536 1780 cui
557 1733 640 1781 simile
656 1731 756 1783 focinus
793 1729 845 1778 tim
864 1730 975 1778 Severus
995 1731 1021 1778 iu
1033 1731 1095 1779 Vite
1116 1730 1224 1780 Martini
1243 1733 1324 1781 Turo-

226 1804 362 1855 olimurlre
381 1821 397 1855 n
415 1800 495 1855 Gullis
514 1813 652 1870 occupsta,
669 1808 756 1858 obses·
792 1804 879 1853 nensis
913 1805 1043 1866 Episcopi,
1080 1805 1204 1868 Prosper,
1240 1806 1322 1863 Beth,

225 1882 311 1946 aisque
323 1883 349 1931 iu
361 1883 492 1947 Capitolio
500 1882 610 1942 civibus,
626 1891 755 1934 matrona·
793 1879 889 1927 Paulut
902 1879 1043 1939 Dimum,
1053 1879 1199 1942 Dteptniun
1211 1880 1323 1931 Ptcutut

225 1971 281 2006 rutn
291 1957 371 2008 decus
381 1960 461 2008 auxit.
494 1959 569 2007 Unde
580 1959 657 2007 etiam
667 1960 754 2010 calvae
793 1953 967 2017 Panegyrico,
978 1968 1052 2017 (turm
1064 1954 1209 2004 Theodosio
1221 1955 1323 2020 Augur·

226 2033 335 2082 Veneris
346 2033 521 2084 simulacrum.
536 2033 672 2083 Accurrius.
794 2037 821 2079 to
842 2031 931 2080 Romae
953 2038 1010 2093 post
1031 2037 1147 2092 sumptos
1168 2030 1202 2080 de
1222 2032 1323 2081 latrone

259 2107 560 2169 cuijustnpinoululrello]
578 2107 756 2160 Aliizruisera
793 2119 883 2168 poeuas
899 2104 974 2155 dixit.
1006 2105 1094 2154 Annua
1113 2107 1255 2157 autemrix
1265 2120 1322 2156 sex·

223 2197 248 2243 p.
259 2182 340 2229 luotro.
362 2181 516 2242 Tyranuidis
528 2197 581 2230 sure
593 2197 659 2232 auno
670 2186 757 2249 quine.
792 2180 880 2243 aginta
899 2188 990 2242 postes
1008 2182 1084 2230 stetit
1097 2180 1230 2245 Aquileia,
1245 2197 1320 2248 quam

225 2263 253 2305 to
265 2255 405 2317 Maximus,
421 2265 526 2306 artoture
542 2258 682 2321 Prospero,
702 2275 755 2323 poe·
792 2256 849 2305 haro
860 2256 893 2305 de
904 2257 947 2305 llls
956 2257 1094 2306 cecinisset
1103 2257 1241 2310 Ausonius.
1263 2259 1322 2309 Mu·

226 2347 271 2381 nas
282 2333 321 2381 sui
341 2333 445 2381 sceleris
464 2333 521 2396 luit,
539 2334 614 2382 tertio
631 2334 664 2383 ab
675 2335 755 2399 Aqui·
793 2332 946 2381 tritissimum
957 2334 1025 2382 enirn
1036 2333 1157 2396 oppidum
1171 2343 1223 2385 tres
1240 2349 1320 2385 annos

224 2409 275 2457 leia
286 2407 371 2470 lapide
382 2415 484 2471 captus,
501 2410 655 2461 indumentis
677 2412 755 2476 regiis
792 2405 904 2464 obsedit,
920 2408 1001 2472 cepit,
1017 2408 1168 2474 delevitque
1177 2410 1261 2462 Attila
1276 2412 1320 2461 ille

225 2483 359 2546 spoliatus,
377 2489 404 2532 et
420 2484 507 2545 capite
521 2485 664 2536 damnatus.
685 2488 754 2536 Vine-
792 2484 1040 2548 immanisllnnnus,
1057 2499 1125 2535 auno
1143 2486 1239 2537 christi
1258 2502 1320 2553 qun·

225 2561 273 2606 tus.
791 2558 994 2622 dringeutesimu
1037 2567 1064 2610 et
1110 2561 1320 2628 quiuquagesimo

258 2634 363 2684 Solveret
385 2639 468 2683 exarto
494 2635 533 2684 eui
553 2636 634 2698 justo]
661 2638 753 2687 Malim
792 2643 900 2699 quarto:
918 2649 967 2686 uec
987 2651 1021 2685 ex
1044 2650 1075 2685 eo
1093 2644 1135 2686 est
1154 2651 1171 2687 a
1191 2653 1320 2704 quoquam

225 2728 282 2763 cum
295 2715 433 2763 veterrimo
445 2715 581 2777 Vossiauo,
590 2716 629 2765 oni
639 2730 692 2765 seru
702 2717 754 2779 piu·
791 2718 946 2774 reparatum·
962 2713 1038 2762 ldm-

223 2792 285 2838 rulo.
319 2791 401 2839 lllane
420 2806 483 2852 reru,
499 2792 608 2854 inquies,
630 2806 687 2856 quae
709 2807 754 2842 ex·
824 2788 874 2837 No·
895 2792 944 2837 292
975 2789 1073 2852 Arelas]
1090 2791 1156 2842 Quae
1171 2790 1259 2842 inerat
1275 2793 1319 2842 ln·

224 2870 284 2912 acto
295 2869 395 2914 tautum
404 2866 596 2930 quinquennio?
614 2868 665 2917 imo
677 2883 752 2918 sane:
790 2862 1095 2925 scriptitiDtArelatenrs'
1107 2868 1174 2930 urle,
1190 2868 1240 2916 slis
1259 2882 1319 2918 mox

223 2951 282 2987 uam
292 2954 352 2989 mox
364 2942 481 3005 punitum
492 2949 591 2992 tanturn
599 2945 685 2993 scelus
697 2957 753 2993 esse
790 2934 861 2986 ficifl
872 2945 923 2999 eii,
939 2953 995 3001 (l¹1ae
1016 2940 1206 3003 circumfertur,
1223 2943 1262 2993 Di
1276 2944 1318 2993 Ἦ·

223 3022 386 3078 oportuerat,
409 3032 456 3067 uec
479 3019 505 3067 in
532 3026 616 3069 totum
644 3022 752 3069 lustrum
789 3027 857 3062 m·
891 3014 988 3076 Mutuo
1000 3028 1099 3077 errore,
1116 3024 1144 3066 et
1162 3017 1206 3081 qui
1227 3018 1319 3068 ricinis

223 3103 326 3152 poenam
347 3090 425 3141 fuisse
452 3091 566 3145 ditium,
599 3097 642 3145 De
669 3103 753 3146 mom
790 3087 858 3137 inter
880 3102 907 3136 se
930 3088 1028 3139 duabus
1047 3091 1153 3142 urlribus
1174 3093 1318 3143 Galliarum

223 3161 342 3212 Gratiani
364 3167 514 3216 consulendi
542 3177 602 3219 nunt
629 3170 698 3219 illini
725 3178 753 3221 et
789 3161 975 3213 florentissimis
1008 3166 1106 3216 dissidii
1141 3167 1318 3241 bellorumque

222 3253 294 3304 seqq.
324 3248 429 3291 notatum
461 3245 611 3308 scriptores,
643 3247 752 3295 Latinus
789 3255 867 3290 carran
882 3242 960 3305 impia
979 3256 1035 3292 esse
1053 3244 1142 3307 possit.
1177 3246 1248 3294 Dum
1262 3242 1318 3294 lau·

221 3314 346 3377 Pacatus,
357 3316 540 3382 Hieronymus,
550 3320 709 3383 Augustinus
718 3322 752 3371 de
788 3316 827 3365 din
855 3318 904 3367 sibi
930 3319 1013 3368 alteru
1044 3320 1200 3381 preconium
1228 3319 1317 3369 rendi-

222 3388 278 3440 Cis.
289 3391 350 3452 Dei,
360 3391 529 3456 Nicephorus,
541 3394 684 3457 Cedrenus,
694 3399 742 3446 dre.
788 3408 857 3454 cere,
876 3395 958 3442 alters
980 3394 1049 3443 tueri
1071 3394 1195 3444 studebit.
1237 3394 1315 3447 Quod

254 3468 269 3512 7
287 3465 422 3527 Maximus]
439 3467 557 3516 Clemens
575 3469 705 3519 Maximus
723 3471 750 3520 in
788 3469 809 3517 si
821 3468 853 3516 de
864 3469 964 3518 Vienna
984 3469 1144 3519 intellectum
1163 3470 1207 3519 hio
1227 3470 1315 3521 existi·

228 1058 361 1127 penatores
388 1052 452 1102 duos
476 1053 541 1115 reip.
570 1052 645 1102 Rom.
671 1054 757 1103 hostes
794 1051 869 1114 gistri
884 1052 993 1101 militnm
1009 1050 1166 1252 quone,
1181 1052 1250 1114 spud
1272 1053 1323 1101 Pu·

144 3576 149 3583 .
220 3538 329 3602 Sulpicii
356 3541 444 3590 Severi
466 3542 591 3607 Aquitani
612 3543 750 3595 chronicis.
787 3544 1316 3609 moverint,cunopolonussimamtnisse

226 3614 304 3664 Vise.
786 3634 842 3668 eam
850 3620 921 3667 Mela
932 3634 1033 3684 qaoque
1045 3622 1186 3685 scripserit,
1195 3622 1315 3687 qnodque

252 3694 270 3739 u
287 3690 445 3754 Rutupinum]
455 3694 626 3745 Britannum:
644 3702 672 3745 nt
682 3697 749 3746 ‘Ru-
786 3703 898 3757 constet,
908 3696 984 3745 hodie
996 3695 1089 3745 flumen
1102 3698 1253 3748 Rhodanum
1263 3712 1316 3748 non

219 3766 749 3831 tupinalittora,’Britsunicn,librosexto
786 3772 895 3820 mediam
922 3773 1079 3821 intercidere
1100 3773 1244 3834 Arelatem,
1268 3771 1315 3823 ned

218 3843 360 3892 Pharsalia
378 3844 485 3906 Lucani,
503 3853 531 3894 et
551 3847 650 3897 ‘tellus
667 3849 749 3898 liutu-
786 3862 868 3910 prope
897 3845 995 3907 fluere;
1018 3849 1190 3911 meminerint,
1210 3856 1314 3898 tantun-

219 3920 293 3983 piua’
312 3921 338 3970 iu
356 3921 467 3985 septimo
479 3923 600 3973 Carmine
622 3925 747 3975 Parenta·
785 3923 844 3971 dem
855 3920 911 3971 sere
922 3924 1047 3972 nVienua
1065 3925 1156 3988 procul
1171 3923 1269 3987 delabi,
1286 3929 1315 3973 et

218 3996 289 4060 lium,
306 4011 337 4046 ac
348 3999 356 4026 ‘
368 3997 515 4060 Rutupinus
528 3999 641 4061 ager'ia
653 4000 747 4049 dnode-
784 3997 938 4047 Strabonem
956 3997 1069 4060 tradere,
1085 3999 1209 4062 oppidum
1225 4014 1314 4065 empo-

217 4070 348 4138 rioesimo,
363 4073 513 4136 sRutuplis
528 4074 677 4125 cantiorum
689 4077 746 4126 Bri·
784 4073 900 4138 riumque
916 4088 968 4122 nou
983 4089 1089 4137 parrum
1099 4073 1241 4126 Arelatem.
1274 4076 1313 4125 En

217 4147 413 4200 tunniaeiusule
425 4150 510 4213 gentis
529 4150 653 4202 civitate:
672 4153 747 4217 cujus
784 4150 851 4202 euim
873 4157 913 4200 est
934 4149 1003 4214 apud
1025 4149 1165 4202 Ausonium
1184 4145 1312 4210 ‘Aietou'
