2804 4764
470 325 626 378 susours
652 326 919 379 uuouussouss.
1177 316 1242 384 987

184 458 300 516 Num
328 463 451 528 Maso]
472 465 609 517 bislnerlm
619 466 681 517 ibu-
719 470 843 532 seriptum
864 476 905 519 est
920 466 948 519 in
962 469 1132 520 historieillr.
1148 471 1242 522 Horat.

149 539 234 600 tuno,
249 548 278 590 et
288 555 349 590 uros
362 541 476 604 misul,
485 543 588 606 legere:
608 557 641 592 ne
652 552 681 593 ιι
719 545 804 595 ‘Albe
814 546 900 596 nentis
916 548 999 597 §tells
1010 547 1130 598 remisit!
1162 549 1243 599 Intel-

151 616 196 666 ιιι
217 617 410 666 (lrsmrunticus
428 617 509 666 simile
526 619 587 682 quid
600 620 682 682 putin·
719 621 776 686 ligit
787 623 955 671 Custoremei
965 624 1112 674 Pollucem.
1128 623 1243 685 Smliger.

153 698 210 752 tur,
218 692 286 755 qnod
299 692 343 741 ille
354 691 482 755 Anxium,
498 693 593 759 dequo
604 696 681 759 Epig.
755 696 803 745 No.
813 701 861 746 201
871 698 994 763 Censorio]
1006 699 1168 762 Legendnm:
1183 701 1244 748 lies·

155 776 297 816 cxxxern.
328 768 377 816 Est
388 775 416 816 et
432 767 481 817 hoc
491 783 584 819 nomen
600 770 681 819 multo
718 771 987 834 soriodttioodgrs'rio.
1004 773 1089 823 Item:
1107 774 1244 836 Agricipo·

157 844 289 892 missum.
323 844 366 893 Νι
384 845 452 893 enim
469 846 502 894 ud
519 847 688 896 notumillud.
719 851 780 898 riter
797 850 924 912 memore
942 853 1000 900 hm.
1026 851 1068 901 ltu
1085 851 1153 901 enim
1169 857 1245 900 retus

156 916 297 978 lbsimsln,
305 919 445 978 Thulusio,
455 921 583 969 misticum
595 935 682 970 resur·
720 924 815 974 codex.
847 925 900 975 Sed
912 925 1032 976 tamenin
1044 926 1162 989 Epistnle
1171 926 1246 975 Sido·

158 1005 224 1050 runs,
240 990 349 1040 Ausonii
357 1006 457 1056 qnoque
468 1008 548 1056 gener
558 1002 565 1024 ⁸
577 995 683 1044 Tunius·
720 996 757 1047 nii
772 1012 798 1049 x.
813 999 858 1050 lib.
875 1015 902 1049 v.
919 1001 1044 1062 marim
1058 1014 1178 1051 excusum
1189 1000 1244 1050 rui·

157 1066 651 1130 u'ns’sppsltsmstnir,Percussum.
721 1081 814 1136 goest.
836 1072 951 1135 Scaliger.

191 1140 244 1190 No.
265 1145 314 1189 ιιι
348 1141 454 1204 curris]
480 1143 593 1192 citerius
611 1144 683 1193 Sicu·
754 1147 864 1210 Agririo]
881 1150 916 1198 Et
928 1149 1036 1212 inhujus
1047 1149 1173 1199 (lerninis
1184 1149 1247 1200 titn·

159 1216 198 1264 lus
218 1223 263 1265 est
278 1217 310 1277 is,
327 1217 401 1279 cujus
418 1217 502 1266 nobile
521 1219 685 1281 Epigrrmmu
721 1222 757 1283 lo,
768 1222 921 1284 Agricio‚‘et
936 1223 963 1271 ln
975 1223 1029 1286 ejus
1040 1223 1151 1273 seeundo
1160 1238 1247 1285 rersn,

158 1289 192 1341 ἃ
203 1292 352 1355 emmim
362 1291 529 1342 hodlmitt·
551 1293 667 1356 Mirer·
722 1300 817 1362 spui,
836 1299 926 1350 bubuli
935 1301 1076 1363 exemplu.
1095 1313 1142 1363 pro
1153 1299 1246 1365 quibus

189 1368 333 1418 temne
350 1369 471 1432 arum]
491 1370 579 1420 Probo
600 1372 684 1422 Gorn·
723 1376 822 1438 Agrion,
831 1382 859 1425 et
870 1377 958 1437 Agrios
974 1375 1133 1438 seripserunt
1144 1375 1247 1440 Lugdu·

160 1443 553 1508 pliemendutionem,Grsierrnr
562 1460 685 1510 reponen·
722 1464 824 1500 nenses.
855 1449 1059 1512 Tetrsuyliubum
1073 1462 1135 1512 ergo
1152 1449 1249 1500 Rheto-

161 1521 202 1569 tis.
229 1519 325 1568 Potest
346 1526 430 1569 temen
449 1519 557 1571 defendi
575 1522 687 1584 rnlgstu,
723 1525 759 1574 ris
780 1525 853 1588 hujus
869 1539 961 1576 nomen
979 1531 1052 1575 esto:
1068 1523 1193 1588 simulque
1210 1523 1248 1572 illi

159 1597 229 1646 risio
239 1596 405 1659 expliceturr
420 1595 539 1661 Adeptus
549 1611 621 1648 esses
632 1599 685 1662 gio·
723 1613 772 1650 sne
788 1600 940 1649 restituetur
955 1599 1126 1662 diphthongus
1144 1615 1173 1647 rr.
1206 1596 1248 1647 Ab

159 1673 223 1721 riuru
248 1672 392 1735 grauiorem
414 1687 445 1723 rc
462 1674 586 1737 msjorem
606 1675 688 1738 glorie
724 1673 1062 1739 eoonimqnousumpts,
1074 1674 1160 1734 idest,
1176 1686 1248 1736 eger,

162 1746 307 1796 Aristarchi
327 1753 354 1796 et
372 1748 510 1811 Zenodoti,
525 1751 547 1798 si
566 1750 687 1813 antiquus
725 1755 755 1798 ut
776 1762 809 1798 ue
824 1756 899 1811 putes
913 1748 1050 1798 burburuur
1066 1762 1124 1798 esse
1140 1748 1188 1798 boe
1204 1762 1249 1797 no-

161 1819 243 1870 buuos
263 1828 417 1884 sequeretur
438 1823 540 1885 merite,
557 1823 584 1873 id
600 1833 650 1886 est,
665 1825 688 1873 si
724 1837 793 1886 rnen,
820 1823 852 1873 fis
877 1822 994 1887 ἄγροικοι,
1020 1822 1089 1889 quod
1122 1823 1251 1886 significet

162 1896 256 1945 sedern
282 1896 380 1946 bonore
406 1905 502 1958 esunt,
534 1913 585 1963 qno
619 1900 689 1963 olins,
726 1903 864 1962 agrestem,
891 1899 1057 1959 rusticorum,
1087 1896 1251 1958 inurbunnm,

163 1968 346 2020 dramatici.
371 1972 423 2022 Sed
443 1973 572 2023 Grriorsnr
591 1974 687 2040 ubsque
725 1986 866 2034 morosum,
882 1971 976 2033 fernus,
996 1971 1097 2021 ethius
1113 1970 1250 2033 Ἀγροιιιοι,

164 2047 244 2096 dubio
255 2047 373 2110 probum.
404 2048 535 2112 Scriptum
548 2047 597 2098 fult
607 2051 634 2098 in
644 2064 688 2100 re·
726 2049 774 2097 hoe
785 2048 930 2111 Agroeolnn
942 2053 970 2095 ut
982 2047 1103 2097 (lerneam
1114 2045 1251 2111 diphthon-

164 2124 212 2172 teri
233 2123 318 2171 libro:
337 2123 426 2171 Gmior
442 2124 559 2187 uitiosos,
582 2139 628 2188 per
647 2139 690 2175 eo·
727 2139 785 2189 gum
802 2141 832 2186 os,
845 2124 928 2174 hutini
945 2125 1054 2174 insnum
1065 2130 1251 2174 reconvertere

166 2200 272 2263 thlipsin
285 2199 334 2248 sibi
350 2198 590 2263 frequentissimum.
727 2202 820 2252 solent.
859 2203 942 2252 Exiet
963 2201 1078 2265 Agroecil
1098 2200 1201 2252 libellus
1219 2201 1252 2250 ds

194 2275 345 2325 ecosoeru
358 2273 412 2336 Ces]
429 2275 584 2326 erdudnm
604 2275 689 2326 edmo-
727 2276 919 2340 orthogrnpbis,
935 2283 963 2326 et
977 2277 1136 2340 proprietate
1157 2289 1255 2326 sermo·

166 2352 224 2401 dum
241 2351 420 2400 adolescentes
438 2365 549 2401 errorem
561 2352 633 2402 illum
649 2366 691 2415 ug·
728 2351 769 2400 nis
790 2350 939 2415 inscriptus,
965 2366 1042 2416 quem
1070 2351 1102 2401 ab
1129 2351 1187 2414 ipm
1207 2365 1252 2400 sno

166 2440 319 2478 mserumns
328 2426 501 2477 rescribentes
521 2428 638 2476 emesae
648 2428 693 2476 Cri
729 2426 832 2477 nomine
848 2427 1062 2490 unetorordlens,
1079 2426 1254 2488 ‘uenenorum‘

166 2517 269 2566 roser.
287 2502 319 2551 ln
330 2516 380 2567 quo
390 2502 472 2565 possis
482 2503 692 2566 ugnoscerecnr·
729 2501 824 2567 inquit,
841 2505 888 2551 ‘et
908 2517 967 2552 cum
984 2503 1077 2551 lautino
1094 2502 1195 2564 scribis,
1207 2515 1254 2566 prr

167 2580 276 2629 rectoris
300 2576 477 2639 Lugdunensis
495 2591 621 2626 neumen:
649 2579 693 2641 qni
730 2576 913 2640 diphthongum
933 2577 1112 2626 scribendum:
1140 2589 1200 2635 non,
1224 2584 1255 2625 nt

167 2658 264 2720 puerile
284 2655 405 2703 mendum
422 2655 629 2704 unimndrertero
643 2668 693 2703 uon
730 2653 833 2716 quidum
843 2659 944 2717 putent,
954 2667 1000 2715 per
1010 2650 1175 2714 i,Agricins.’
1188 2651 1254 2700 llere

168 2733 260 2795 potuit.
295 2730 354 2779 llos
371 2729 492 2778 udmouet
507 2736 596 2791 me,ut
607 2742 693 2777 emen·
731 2728 792 2777 ille:
813 2743 888 2791 quem
908 2729 1018 2777 cundem
1034 2742 1092 2777 esse
1114 2726 1255 2775 ilbetorem

167 2807 224 2855 dem
236 2804 423 2855 Ouidiiincum
442 2804 468 2852 in
488 2803 573 2852 ibim:
590 2803 651 2867 quis
661 2802 694 2853 de
733 2803 891 2866 Agroecinm,
908 2817 956 2853 nec
976 2805 1026 2864 ein,
1041 2817 1090 2853 nec
1106 2817 1187 2865 nego:
1209 2801 1254 2850 sod

168 2879 299 2930 Simonide
319 2879 417 2928 mentio
439 2884 490 2928 ιιι.
520 2879 548 2928 Is
570 2879 619 2927 istu
636 2885 692 2927 est:
732 2877 765 2929 de
777 2877 1125 2926 Rhetorementiouemlscit
1136 2876 1256 2925 Sidonius

169 2954 266 3004 ‘stelle
275 2952 413 3016 Lycorida
425 2968 481 3002 eum
491 2951 610 3017 fnituptu
620 2951 694 3001 viro!
732 2951 889 3016 Apolliusris
901 2952 959 3001 iibri
973 2951 1071 3016 quincti
1084 2951 1202 3015 Epistole
1212 2949 1256 2998 de-

171 3028 696 3093 fflcqnoeruutdnetiriri‚quure8imoni·
733 3029 810 3087 ciuis,
822 3027 876 3089 ejrrs
891 3026 1051 3089 disciplinam
1064 3025 1181 3075 laudibus
1196 3026 1257 3077 effe·

172 3106 217 3155 der
227 3105 519 3168 dietussitLycnrides.
552 3105 695 3170 Interquos
734 3119 808 3154 rens:
836 3104 880 3152 ubi
899 3102 996 3152 vetusti
1018 3101 1121 3151 codices
1141 3103 1258 3152 scribunt

171 3181 307 3231 Turnebus
325 3194 375 3228 non
395 3180 487 3228 nodnrn
504 3180 631 3240 dissolvit,
650 3180 695 3230 sed
735 3180 777 3228 ulii
793 3177 906 3241 Agrum,
923 3178 966 3227 ulii
982 3175 1038 3227 sere
1054 3175 1164 3238 Agreeio.
1182 3176 1258 3228 vine.

172 3255 482 3319 noduminsirpoqnaerit.
494 3256 569 3306 Quod
579 3261 663 3303 tumen
672 3255 697 3304 ei
736 3262 785 3303 tus.

171 3329 520 3381 vitiorertendnmnnnest.
554 3331 612 3380 Non
629 3330 698 3378 euim
766 3327 1044 3391 suessionum-nb]
1063 3327 1260 3390 Purumrelert,

124 3434 129 3444 .
172 3405 266 3456 boum
276 3406 408 3469 exemplnr
419 3412 511 3453 nucius
519 3412 583 3454 erut.
596 3406 651 3454 Nos
660 3405 698 3453 in·
736 3412 820 3455 utrum
830 3406 916 3468 priore
927 3419 958 3453 uu
970 3405 1114 3467 posteriore
1125 3405 1181 3453 loco
1191 3419 1261 3453 eom·

173 3484 281 3533 uidimus
299 3484 325 3533 in
342 3486 420 3534 mirus
438 3483 590 3547 schedienin
606 3483 699 3547 quibus
736 3481 903 3530 memoreris:
932 3480 1002 3529 nullu
1020 3479 1087 3528 enim
1116 3477 1261 3529 differentis

173 3567 396 3609 euentumsrut:
422 3559 701 3622 Stellulaeoporidoecnm
736 3555 839 3604 honoris
847 3562 896 3604 est.

170 3633 298 3696 iateque
307 3635 367 3683 uiro.
400 3634 523 3683 Putemus
534 3633 614 3696 igitur
624 3649 656 3682 ex
668 3647 700 3683 eo
768 3627 1262 3693 surmio10njusexrstpsnogyrt-

176 3709 267 3757 mendo
278 3710 417 3758 roritstem
433 3708 492 3757 elici
510 3723 594 3771 posse,
612 3709 633 3757 si
652 3723 700 3771 pro
738 3721 783 3757 cns
794 3705 828 3755 de
844 3705 961 3754 leudibus
978 3705 1141 3755 constantini
1152 3705 1260 3767 Mrgni:

177 3783 324 3846 laeeperr'dae,
335 3782 617 3847 legumuslaeoprepide.
650 3784 701 3833 Ne·
738 3789 767 3831 et
783 3794 858 3844 quem
876 3779 901 3828 in
920 3779 1024 3829 Eusebii
1044 3780 1151 3842 Letlnis,
1169 3779 1262 3828 Hiero·

177 3872 226 3921 que
240 3859 342 3918 dubito,
362 3859 424 3922 quin
445 3873 476 3908 eu
493 3873 553 3908 reru
570 3859 702 3909 sitleotlo.
738 3856 857 3920 nyniiqne
879 3855 1004 3904 chronicis
1028 3856 1109 3918 leges,
1138 3854 1262 3915 insignem

178 3930 441 3994 ipsemetSimonides
453 3936 561 3982 sermon
569 3933 702 3997 usurpeti-
739 3930 853 3978 bubitnm
871 3929 903 3978 ud
920 3942 1013 3977 sunum
1025 3929 1119 3978 Christi
1136 3933 1264 3975 trecente·

180 4009 339 4056 eunominst.
359 4008 442 4056 Stella
453 4017 538 4058 nutem
550 4017 590 4058 est
601 4009 703 4069 Custos,
740 4006 830 4054 simum
850 4010 879 4053 ιι
896 4004 1042 4053 vicesimum
1060 4011 1194 4053 octuvrrm:
1218 4016 1264 4051 ru·

179 4089 208 4130 et
233 4083 338 4145 Pollux,
358 4082 383 4129 in
411 4097 474 4147 quos
495 4083 615 4147 hymnum
644 4098 704 4132 con·
740 4082 831 4144 nisque
843 4088 900 4142 post
910 4078 1027 4127 undecim
1042 4079 1097 4141 ejus
1115 4075 1193 4123 lilium
1211 4077 1264 4128 En·

178 4156 320 4221 scripserat
345 4156 500 4221 Simonides,
525 4165 555 4209 nt
584 4157 704 4208 disertius
743 4168 853 4207 ιιοιιιιιι
880 4153 1004 4217 uirginem
1031 4149 1211 4216 Christianum,
1237 4153 1265 4205 in
