2804 4764
530 287 687 337 susurru
714 289 894 340 novumn.
1174 278 1259 346 1109

161 427 276 489 notarit,
295 427 424 491 lanigeris
442 427 595 493 'ligolettns
611 429 695 482 edidit
731 430 893 483 dicebantur.
926 432 1063 498 Apuleius
1077 434 1104 485 ln
1132 435 1258 501 principio

162 505 275 567 dagob:
292 519 325 554 au
345 506 435 567 macr
450 505 517 554 dona
528 520 575 569 pro
586 521 695 573 papyro,
729 508 789 558 libri
802 508 916 574 quincti:
932 510 1009 561 ‘iam
1019 511 1086 560 scies
1100 510 1133 561 ab
1150 512 1259 563 introitu

161 593 288 643 papyrum
300 580 436 644 projuncis
448 581 535 644 posuit
546 581 693 632 Ausonius?
730 585 821 648 primo,
831 585 883 634 Dei
901 585 1044 649 cujuspiam
1060 585 1219 637 luculentum
1229 594 1259 639 et
1279 642 1282 647 ,

160 656 283 721 Papyrus'
302 656 406 722 quidem
426 658 452 706 iu
476 659 632 721 palustribus
651 660 694 709 ill·
729 673 855 709 amoenum
864 658 953 708 videre
962 666 989 709 te
998 660 1176 712 diversorium.
1188 661 1258 713 Nam

159 735 236 798 gypti
247 734 374 790 nascitur,
381 741 426 783 aut
436 735 629 798 quiescentibus
639 734 693 786 Nili
728 748 827 785 summa
841 736 972 801 laquearia
983 735 1058 799 citro,
1075 745 1102 786 et
1120 737 1197 788 ebora
1213 753 1258 789 cu·

160 809 254 873 aquis;
281 823 369 858 verum
392 811 452 859 ulra
472 811 593 873 palustris
612 811 693 861 herba
728 809 795 859 rioae
805 818 909 872 carata,
932 811 1044 862 subeunt
1061 827 1147 863 aureas
1161 814 1258 864 colam·

160 891 212 944 eat,
223 898 337 948 papyrus
349 894 435 934 autem
446 883 544 935 frutex.
728 900 777 936 un.
812 886 929 936 Parietes
939 901 1029 937 omues
1046 895 1172 953 argenteo
1182 890 1258 940 casla-

191 963 225 1009 48
242 961 261 1009 1
268 959 342 1024 aare]
361 960 419 1011 lioc
435 959 558 1026 frequens
571 968 612 1011 est
622 963 690 1025 apud
727 960 796 1010 mine
807 969 988 1026 conteguntur,
999 964 1090 1014 bestiis
1099 972 1127 1015 et
1138 965 1163 1014 id
1175 979 1256 1030 genus

160 1035 263 1100 poetas,
281 1043 309 1086 et
327 1037 424 1102 absque
442 1036 574 1087 adverbio.
603 1038 692 1101 Virgi-
728 1036 871 1100 pecudibus
888 1038 1082 1088 occurrentibus
1094 1039 1127 1089 ob
1138 1055 1166 1090 os
1177 1040 1258 1092 intro·

159 1111 210 1162 lina
221 1112 334 1176 septimo
344 1112 480 1163 AEneidos:
499 1120 506 1142 ¹
517 1114 532 1163 1
543 1128 612 1164 nuuc
624 1129 632 1163 ε
652 1115 690 1163 in·
728 1113 843 1162 euntium
852 1111 905 1164 r'et
914 1114 1024 1178 reliqua.
1037 1114 1079 1165 ita
1086 1125 1161 1166 arant
1170 1115 1255 1179 Attia,

160 1187 243 1252 pratis
254 1185 319 1237 offer
330 1195 358 1237 te
369 1189 443 1238 irriae
456 1190 568 1254 periclis.
578 1191 690 1254 Tyrrhe·
728 1195 755 1239 et
778 1189 805 1238 in
826 1190 857 1239 iis
883 1190 1031 1255 laquearia:
1057 1206 1116 1256 qaas
1134 1207 1212 1256 quum
1229 1193 1256 1243 in

158 1278 217 1327 nas,
227 1265 246 1327 i,
256 1272 343 1314 aterna
355 1265 425 1315 acies
436 1299 458 1316 ..
468 1301 475 1316 .
486 1267 510 1329 l,
517 1281 627 1332 sequere
637 1267 691 1317 ita·
727 1264 874 1330 principum
886 1266 994 1328 adibus,
1006 1259 1256 1330 citro,sbore‚auro,

157 1341 221 1389 liam
240 1341 345 1390 ventis)
379 1341 494 1392 ironiam
509 1342 691 1393 babetcouce·
727 1340 810 1390 aliase
823 1341 935 1404 pretiosa
947 1343 1140 1392 materiaerant
1154 1344 1254 1394 curiosa

158 1416 245 1467 dentis
255 1417 363 1482 aliquid,
374 1419 443 1481 quod
455 1419 610 1483 prohibitum
627 1419 691 1469 relit
727 1425 828 1477 carata,
840 1425 869 1467 ut
884 1418 921 1467 ait
932 1417 1069 1480 Apuleiae,
1079 1425 1107 1467 et
1123 1425 1256 1481 exornata,

158 1499 188 1542 et
196 1491 360 1557 denegatum.
375 1495 478 1545 Visetur.
725 1492 894 1546 ‘danuam
906 1491 990 1542 atria'
1009 1493 1169 1544 dicebantur.
1201 1492 1255 1544 Sed

192 1569 211 1617 1
225 1583 287 1619 saar
304 1577 328 1618 et
341 1570 467 1635 Plrygtn]
478 1570 555 1632 Vide,
567 1571 588 1620 ai
600 1586 688 1635 operm
727 1567 779 1617 alia
789 1568 868 1617 etiam
880 1568 1000 1632 laqueata
1011 1567 1128 1618 aedilicia.
1140 1595 1149 1614 ο
1162 1568 1255 1620 Cicero

157 1645 689 1708 pretiumridebitur,lleiusiumndAmo·
726 1643 759 1692 da
782 1644 904 1693 Praetura
927 1643 1046 1692 urbana:
1074 1644 1254 1696 ‘Considerat

158 1735 202 1770 rea
215 1721 302 1771 Ovidii
319 1736 346 1784 p.
357 1725 414 1772 lid.
435 1722 479 1771 obi
499 1731 526 1771 et
545 1722 688 1772 similema
726 1719 859 1783 templum.
901 1718 982 1768 Videt
1009 1717 1122 1782 studique
1155 1727 1254 1770 tectum

158 1796 302 1847 catalectis
313 1796 387 1847 vsu.
398 1796 475 1847 Poet.
487 1798 570 1848 locum
583 1798 689 1862 egregie
725 1794 900 1859 pulcherrime
911 1792 1076 1857 laqueatum?
1098 1794 1205 1844 Visretas.

156 1874 285 1936 restituit,
301 1873 428 1938 quomodo
448 1882 476 1923 et
488 1889 534 1924 uos
545 1874 606 1922 olim
617 1874 690 1924 Cele-
756 1870 1090 1935 laqueatoperatria1Vide
1106 1870 1176 1934 apud
1193 1871 1254 1935 Lip-

156 1951 272 2002 berrimo
292 1951 398 2002 Graerio
416 1951 485 2001 illum
502 1953 586 2015 ipsum
603 1967 689 2003 cruen-
725 1948 791 1999 sinra
800 1949 847 1998 lib.
857 1946 1074 1998 Admirandorum
1089 1962 1116 2011 p.
1124 1950 1182 1997 lta.
1193 1947 1253 1998 Fre·

156 2027 272 2077 dandum
300 2028 381 2078 rideri
408 2029 602 2092 scripseramus.
634 2029 687 2078 Sed
724 2024 802 2074 iens.

156 2103 278 2168 quoniam
289 2112 318 2153 st
328 2103 398 2153 aliud
414 2103 497 2153 adbuc
513 2105 634 2154 mendum
651 2107 689 2155 iu·
757 2102 789 2148 ὅθ
805 2099 853 2148 Ati
864 2112 907 2160 teo
916 2096 1043 2162 repub]
1059 2097 1163 2148 Atticm
1181 2099 1253 2163 apud

155 2178 237 2240 sidet,
248 2181 623 2243 perpurgarumadscribamm.
643 2182 688 2231 lu·
725 2173 878 2224 Ciceronem
896 2173 922 2222 in
948 2172 1076 2237 principio
1091 2174 1199 2223 secundi
1219 2174 1253 2225 da

154 2257 248 2305 sanies
269 2266 355 2306 autem
372 2258 399 2305 in
417 2258 487 2308 Scri,
503 2258 618 2308 editione
629 2274 689 2323 pag,
723 2249 825 2314 legibus
836 2264 913 2313 quruu
926 2249 1020 2299 luania
1035 2245 1148 2298 fluminis
1162 2249 1252 2300 Fibra·

156 2335 213 2382 1⁹8.
231 2333 264 2382 ‘1
281 2347 360 2394 nnuc,
379 2343 406 2383 et
417 2335 476 2384 vitae
488 2333 611 2398 fugientis
622 2342 686 2386 tem.
723 2326 751 2375 ui
771 2323 939 2385 meminisset,
955 2323 1115 2388 dixissetque
1136 2339 1165 2374 sa
1180 2325 1252 2375 Mar·

156 2425 222 2475 pm
233 2410 316 2461 md,
327 2411 457 2461 Divitibus
466 2413 546 2462 coenq,
559 2431 566 2461 :
583 2426 625 2462 Μ
641 2415 686 2478 qui
724 2414 770 2450 cns
785 2399 831 2449 illo
848 2400 906 2449 loco
922 2399 1092 2449 libentissime
1107 2398 1146 2449 nel
1157 2400 1252 2464 solare,

155 2496 245 2537 manet
259 2489 355 2549 exitus,
366 2486 433 2536 idem
450 2489 502 2539 iiic
514 2503 606 2551 precor
615 2488 686 2538 iura·
723 2475 778 2525 'il‘
789 2473 850 2539 (inid
861 2474 918 2539 iP⁸⁸
932 2488 1020 2524 *ΜΝ
1040 2473 1178 2537 ‘wimiis
1195 2474 1251 2524 ‘ll‘

154 2565 221 2621 niat,
238 2572 422 2628 consumtaquc
432 2571 549 2627 tempora
559 2563 667 2627 poscat!
724 2553 820 2618 *liquid
830 2552 1141 2614 wilbeleisffliissssssl‘ii
1157 2552 1251 2616 ‘Plini'

189 2640 225 2688 Ee
251 2640 381 2704 Phrygiis]
407 2640 512 2703 Phrygii
542 2642 684 2689 marmori..
724 2631 783 2681 dem
803 2632 847 2695 qul
873 2644 941 2680 nunc
962 2628 1141 2693 potissimum,'
1157 2629 1250 2692 inquit,

156 2714 188 2763 ln
212 2714 326 2779 Phrygia
345 2724 386 2766 en
405 2717 465 2765 urb.
482 2714 595 2780 Synads,
617 2715 685 2765 und.
723 2708 793 2757 ‘buc
802 2708 927 2768 venerim,
937 2708 1025 2756 satiari
1035 2721 1085 2756 nou
1095 2721 1171 2770 queo,
1179 2720 1250 2770 mag·

154 2790 341 2855 ‘Synadicon’
359 2806 470 2841 marmor
482 2791 549 2855 apud
561 2791 685 2840 Plinium.
723 2783 864 2848 nificasqae
885 2783 957 2832 villas
975 2791 1003 2832 et
1020 2783 1167 2844 pavimenta
1185 2795 1250 2831 mar·

160 2867 268 2917 Vm.
724 2874 821 2922 morea,
843 2867 870 2908 et
891 2859 935 2907 illa
956 2859 1079 2922 laqueata
1098 2864 1169 2907 tecta
1189 2872 1250 2907 con·

188 2944 304 3007 Pro-yrun
313 2945 410 3008 mab]
425 2944 578 2993 Petronius:
596 2942 684 2992 ‘Hinc
723 2935 826 2986 lemno?
844 2934 922 2983 VM·
957 2960 958 2963 ¹

154 3019 277 3068 Numidas
295 3029 403 3081 crustas,
415 3020 485 3069 illinc
501 3034 569 3068 noua
588 3020 683 3068 vellen
755 3016 785 3060 ⁵1
797 3012 917 3059 N⁰⁸⁶m
927 3005 1047 3071 mass]
1060 3007 1250 3071 0P⁰⁸¹¹⁸il¹¹²s

153 3095 252 3145 Seres]
282 3096 403 3146 velserus
421 3097 447 3144 in
465 3098 614 3159 pavimento
630 3094 683 3143 Au·
723 3096 751 3138 el
769 3086 838 3152 quod
859 3094 955 3134 natura
986 3084 1102 3133 Mosella!
1126 3083 1252 3146 ingenuit,

155 3178 275 3235 gusiano.
294 3171 371 3235 Apul.
391 3186 450 3234 pag.
465 3175 507 3220 ta.
535 3170 682 3220 Cassiodor.
722 3163 845 3224 mirabor,
865 3159 1071 3224 pradicaboquc,
1092 3173 1144 3208 non
1163 3166 1251 3209 autem

154 3264 180 3312 p,
193 3255 233 3300 15,
266 3250 306 3298 ne
316 3251 402 3297 ,mm
419 3248 506 3299 Jufeq
527 3249 553 3296 j„
570 3248 683 3310 symm..
722 3239 759 3302 id,
769 3239 824 3299 ubi,
839 3245 867 3287 et
886 3238 912 3285 in
928 3236 997 3301 quod
1009 3236 1138 3300 Nepotes,
1148 3242 1175 3284 st
1187 3235 1250 3285 luxu

154 3326 241 3389 muru,
253 3330 331 3388 pli.
347 3325 374 3373 iu
394 3339 432 3388 pr.
449 3339 508 3387 paq.
519 3327 574 3373 192.
593 3323 681 3372 Frene-
723 3317 820 3380 perditi
847 3314 963 3363 homines
994 3311 1116 3377 quicquid
1138 3311 1251 3361 babesut

154 3417 201 3451 m,
722 3391 850 3456 pecunias,
871 3390 1011 3450 iusuruuut,
1032 3397 1060 3437 et
1079 3403 1108 3437 se
1128 3387 1250 3438 iubentes

184 3482 218 3528 ao
235 3474 497 3540 iaqarnlaperntrin]
515 3474 681 3537 Arriumge·
722 3465 928 3532 properantia,
1233 3539 1237 3548 Ι

153 3569 200 3604 aas
221 3552 326 3603 edificii
353 3551 498 3612 dicebatur,
526 3550 683 3610 ingredienti
752 3548 786 3593 56
802 3542 895 3592 &mii
907 3541 967 3589 ”5¹¹³
981 3539 1058 3588 ‘'⁸¹¹''
1071 3537 1168 3601 ΜΝ]
1182 3539 1250 3589 Ρῠὲ·

153 3631 256 3680 donmm
273 3630 382 3692 primum
412 3640 560 3686 occurrens,
580 3632 609 3674 ut
631 3639 683 3688 quo
722 3620 820 3681 iice,et
838 3631 916 3681 supra
934 3614 1012 3664 fidem
1032 3616 1173 3678 eleganter.
1191 3615 1251 3663 Fre·

154 3709 210 3757 loco
222 3714 294 3765 suut,
306 3719 368 3768 quas
386 3706 469 3752 Cortss
486 3703 645 3766 appellamus
655 3701 682 3750 in
722 3695 799 3743 sem.

154 3782 246 3832 nostris
274 3779 383 3838 anilibus,
410 3778 546 3827 continens
574 3776 683 3825 mediam
753 3774 787 3819 di
805 3769 874 3826 Quod
884 3765 985 3828 uuna]
1004 3765 1101 3815 Noster
1116 3764 1249 3814 hierusal-

154 3871 252 3916 arenam
270 3855 355 3918 inquit
373 3855 474 3914 Festus,
492 3853 517 3901 iu
537 3867 613 3916 quam
631 3851 684 3900 col·
721 3845 789 3896 feste
799 3848 860 3908 qaod
871 3859 917 3908 pro
928 3849 954 3891 nt
966 3841 1004 3891 bis
1016 3843 1108 3903 posuit.

153 3936 224 3984 lecta
234 3947 269 3982 ex
281 3931 350 3980 omui
361 3935 429 3979 tecto
438 3929 525 3993 pluvia
537 3928 685 3978 descendat.
752 3928 784 3972 dli
804 3923 880 3984 Usque
898 3918 940 3967 aab
965 3914 1084 3977 ingania]
1103 3915 1179 3975 thue
1194 3927 1248 3961 ma·

153 4010 230 4060 utria
252 4015 328 4057 erant
348 4013 427 4066 tecta,
446 4014 474 4054 et
492 4006 517 4054 iu
535 4006 565 4054 iis
579 4005 684 4053 summis
720 4001 775 4061 iim,
800 4013 876 4062 qnam
903 3997 989 4058 lisque,
1017 3993 1064 4041 boc
1086 4005 1176 4073 sensu..
1213 3991 1248 4042 Et

152 4101 209 4151 que
228 4086 312 4145 lacus,
327 4083 442 4144 lacunar,
461 4083 630 4142 lacunarium,
647 4081 683 4128 la·
721 4072 935 4142 quemadmodum
957 4070 984 4118 in
1014 4064 1129 4116 fontibus
1151 4063 1250 4128 nitidis,

152 4177 232 4228 qaear
251 4160 307 4210 aire
322 4159 457 4223 laqueare,
474 4164 502 4206 et
523 4156 682 4220 laquearium
721 4137 1248 4216 etperennibar,berbaasubipsisscatn·
