2804 4764
154 299 241 370 1238
391 297 394 300 ’
505 315 612 365 ιιοίιι
635 313 835 365 νιιιιοιιυιι
861 316 899 364 ιιι

155 462 264 514 Ausonii
285 474 343 510 esse
367 472 419 509 uon
440 458 554 520 medam,
575 465 684 522 propter
717 468 770 522 que
785 455 1247 521 sorigionuqolbostemmsqsoqae

155 537 209 587 still
220 537 406 586 diversitatem.
432 534 567 599 luquibos
584 540 683 597 postre·
720 530 755 597 (si
782 533 831 582 Dis
851 530 952 595 placet)
978 531 1097 581 additam
1119 531 1247 582 ‘Ausonii

156 613 204 663 rau
215 609 618 660 animadvertendomsaturuam
630 607 685 657 dlo-
720 607 830 656 carmen
849 605 1050 669 imperfectum,'
1072 607 1165 655 araba
1182 615 1247 664 suot.

156 695 211 738 tom
222 688 336 737 Pollucis
347 687 454 749 prolem.
482 683 684 747 Quodexplics·
721 690 748 732 et
759 681 859 731 mendis
871 694 928 731 avr.
945 683 1134 732 commaculata
1152 696 1187 730 ea
1202 682 1248 732 blo·

157 771 200 814 tor
218 777 234 814 a
253 762 388 826 Frrlgeatlo
410 759 559 810 doctissimo
580 758 684 822 Mytbo·
723 759 789 807 toria
819 757 978 820 Evangellos
1011 756 1124 808 Joreucl
1155 755 1248 820 po'dte,

157 840 218 901 logo
229 839 267 888 lta
279 837 313 886 ds
324 838 434 886 Saturno
446 836 575 898 loquente.
602 834 685 883 ‘Pol-
720 834 789 898 apud
802 847 878 898 qoem
889 831 1093 896 propositionem
1104 832 1203 897 operis,
1213 833 1248 881 ia·

158 910 450 975 lucis,'luquit,‘lilius:
470 910 686 973 riveaponoodo,
722 913 935 973 vocationemque
946 908 1118 957 constituunt.
1144 907 1249 971 Siople·

157 988 242 1038 slven
260 987 466 1050 pollooibilimte,
480 999 557 1050 qoam
576 999 622 1033 uos
639 984 686 1032 bu·
722 1002 829 1051 rumque
848 987 932 1034 aliena
953 986 1034 1033 ιιιιιΙιο
1053 983 1156 1033 aridius
1176 998 1249 1049 quam

158 1063 309 1113 manitatem
320 1061 438 1110 dicimus.
457 1059 532 1111 Unde
542 1068 569 1110 et
577 1061 685 1109 Plautus
721 1063 916 1122 consideratius,
935 1074 1076 1126 parumque
1093 1068 1171 1111 recta
1187 1061 1250 1110 resti·

159 1138 185 1186 lu
194 1135 328 1185 Comoedis
340 1136 442 1199 Epidioi
451 1136 504 1186 sit:
521 1136 620 1206 Bibite,
629 1151 686 1199 per·
721 1140 834 1188 motione
846 1139 1016 1199 inculcantur,
1032 1137 1100 1200 quod
1113 1137 1170 1187 siue
1180 1144 1250 1186 terto

159 1211 515 1276 groeoamioipolluribiliter!
532 1211 686 1260 ‘Semo'sm
722 1216 848 1279 cujusque
866 1215 941 1264 titulo
952 1214 1057 1264 iuventa
1072 1211 1183 1264 luerint.
1207 1214 1249 1264 du

161 1294 212 1336 tem
234 1291 340 1334 vocatur
363 1287 524 1335 Mercurius:
552 1288 611 1351 quis
630 1286 686 1336 fere
723 1292 822 1340 caroius.

159 1361 186 1410 lu
198 1359 289 1409 infimis
300 1361 441 1410 collocatus
452 1368 506 1412 est:
525 1363 687 1427 quemadmo·
756 1369 796 1416 Aa
808 1351 892 1416 Boreo
902 1365 992 1429 portes]
1007 1366 1050 1415 De
1062 1365 1193 1416 Carminis
1208 1365 1250 1415 bo·

158 1437 220 1486 dnm
232 1437 354 1486 demones
364 1437 540 1488 rorabauteor
551 1439 632 1499 Deos,
644 1437 687 1502 qui
720 1441 765 1504 Jus
778 1452 893 1504 auctore,
904 1441 975 1505 lacit,
986 1450 1016 1490 ut
1033 1441 1251 1505 dubitemuuptl·

160 1514 187 1562 in
198 1511 292 1562 intimis
308 1511 496 1563 censebantur:
513 1513 624 1576 majores
638 1514 688 1562 soi·
722 1532 803 1579 raum,
820 1518 889 1582 quod
908 1518 933 1566 id
954 1519 1023 1566 luter
1041 1517 1150 1566 allorum
1162 1518 1251 1567 molto·

159 1589 223 1638 licet
238 1587 390 1650 bominibus,
407 1588 521 1638 minores
536 1589 602 1639 Diis.
618 1589 687 1652 quod
725 1607 780 1641 rum
792 1593 890 1656 scripta
902 1594 957 1641 sine
975 1590 1084 1641 Ausonii
1100 1592 1251 1641 nominete-

160 1672 188 1713 et
204 1663 273 1712 idem
293 1664 439 1726 Fulgentius
456 1677 518 1714 rere
535 1665 644 1728 exponit
660 1665 687 1714 in
723 1668 844 1732 perimus.
870 1667 984 1729 Deinde,
1003 1666 1073 1731 quod
1092 1680 1140 1716 nos
1156 1668 1251 1716 moonlt

160 1740 248 1790 libello
259 1739 292 1789 de
302 1740 409 1789 vocibus
426 1740 547 1805 antiquio.
575 1741 687 1790 Marisa·
724 1744 862 1808 aliquando
877 1744 1029 1792 Franoloeus
1044 1742 1150 1803 Daniel,
1166 1742 1194 1791 iu
1212 1755 1251 1792 re·

161 1818 233 1880 gelos
253 1817 355 1866 ridetur
375 1816 420 1866 bos
438 1830 527 1866 versus
546 1816 639 1880 legisse
661 1817 687 1865 lu
725 1824 779 1867 tere
791 1818 894 1881 Hygino
904 1819 1032 1880 reperisse
1048 1832 1086 1879 se,
1096 1817 1146 1867 boo
1163 1818 1251 1867 titulo:

159 1895 303 1958 exemplari
314 1908 369 1943 sno.
396 1893 605 1943 Tomeooureos
616 1894 687 1943 Pria·
724 1894 853 1942 Ermoore
878 1894 1085 1943 Prsauossaaou
1107 1895 1250 1945 Pressouar

160 1971 236 2021 mano
252 1970 435 2032 adscribamus,
453 1984 503 2020 oon
520 1971 611 2021 uideo:
629 1984 686 2020 oum
724 1968 922 2018 Guaumsrrcr.
950 1968 1001 2016 Sed
1015 1967 1251 2030 erlorepbossca·

161 2046 213 2095 slnt
225 2046 382 2110 antiquiores
400 2047 574 2110 Hieronymoo
592 2052 621 2095 ut
631 2045 688 2109 jam
723 2044 790 2107 liger
801 2044 907 2106 scripsit
924 2044 1016 2106 legisse
1032 2056 1060 2090 se
1077 2043 1104 2090 in
1121 2043 1250 2092 veteribus

161 2133 242 2183 supra
252 2121 437 2170 admonuimus.
453 2120 568 2183 Scaliger.
724 2120 877 2184 orriburdom
903 2119 1005 2169 srbedis
1026 2118 1182 2168 Doctisslmi
1207 2118 1251 2168 riri

192 2199 234 2248 Ad
246 2197 332 2245 Borea
346 2202 427 2259 portes
443 2198 525 2260 droti]
541 2197 687 2246 Duodecim
724 2195 818 2244 larabi
832 2195 942 2258 Cujaoll,
954 2194 996 2243 ubi
1006 2208 1065 2258 paro
1077 2195 1180 2256 majoris
1193 2194 1251 2245 Car·

161 2273 207 2323 lios
215 2271 472 2336 versus,quibuaduo
481 2272 688 2336 etquadragints
727 2270 801 2317 nunu
817 2268 850 2335 do
865 2270 999 2319 Sideribus
1009 2275 1089 2330 esset,
1100 2270 1156 2317 sins
1167 2279 1252 2318 aneto·

161 2349 250 2399 mundi
266 2351 339 2414 signa
357 2349 508 2398 nominatim
523 2349 689 2412 comprebeu·
727 2347 762 2395 ris
774 2349 885 2409 notoriae,
899 2353 1015 2396 osterum
1025 2347 1099 2408 enjus
1109 2360 1188 2395 uuum
1197 2361 1251 2395 rer·

161 2424 455 2488 duamuoomegregir
470 2425 689 2490 quoqueiuscrip·
726 2424 833 2472 siculum
857 2425 920 2473 citet
942 2423 1117 2485 Hieronymus
1137 2423 1164 2471 in
1186 2434 1253 2471 eam·

161 2500 689 2562 tioneDaaorsrmaossrsuuunou,nou
728 2499 859 2547 mentariis
879 2500 905 2546 io
928 2498 1105 2547 Eseobielem:
1134 2504 1163 2547 ot
1185 2496 1252 2546 Prio-

163 2576 286 2637 slderum,
316 2584 361 2624 aut
392 2576 530 2638 signorum,
562 2574 689 2624 Prisciani
726 2573 794 2622 ciani
813 2572 894 2622 nostri
913 2588 977 2636 opus
996 2572 1078 2621 rideri
1095 2585 1149 2621 uon
1166 2573 1253 2636 possit.

163 2665 229 2712 esse,
249 2665 301 2700 ooo
324 2649 430 2699 Ausonii
448 2651 629 2712 comperimus,
649 2664 689 2700 re·
730 2650 838 2700 Vinctus.

161 2728 271 2778 istosin
291 2728 443 2791 quibusdam
459 2728 540 2776 Bedae
560 2728 690 2776 volumini·
758 2727 906 2788 2Geuuque
934 2723 1068 2789 prolapsos]
1105 2725 1146 2775 Ἐν
1173 2726 1254 2787 γόησι

161 2801 306 2868 bamque
299 2818 325 2853 ru
336 2802 443 2866 publica
454 2803 580 2851 Vaticana
592 2802 690 2852 Brbllo
727 2800 855 2862 Graeeis,‘
869 2801 953 2849 Nixus
964 2801 1087 2862 genibus
1098 2802 1253 2852 Ciceroniiu

161 2879 239 2930 theca
266 2881 442 2928 convisuatur.
479 2879 632 2942 Reperimus
661 2885 690 2927 et
727 2874 851 2924 Arato:
864 2876 974 2925 Nixus
968 2889 993 2923 ιιι
1012 2876 1164 2939 genibus,’‘
1177 2877 1255 2927 Geni·

162 2970 221 3004 cum
248 2955 387 3004 dimidiatis
413 2955 540 3004 Macrobii
567 2955 690 3004 Saturna·
727 2953 846 3002 colorus:
862 2953 1253 3016 ‘ingeniculatus'Vitruvioli·

161 3031 234 3090 lium,
255 3037 283 3079 et
303 3031 407 3092 Vegetii
426 3031 519 3081 Repeti
544 3032 691 3093 (lodicibus,
727 3028 774 3077 bro
791 3041 866 3078 nouo.
893 3030 1186 3092 ‘lngenieoluu’lolio
1203 3033 1255 3081 Fir·

161 3105 188 3154 in
200 3106 290 3154 eadem
301 3105 471 3155 Bibliotbeoo.
492 3107 593 3158 Quibus
604 3109 690 3157 statim
727 3107 793 3154 mico
816 3106 881 3155 libro
903 3114 1003 3156 octavo.
1038 3108 1146 3157 ‘Nixus
1171 3109 1256 3173 genuf

161 3179 265 3244 (utique
291 3183 359 3242 apud
385 3180 497 3245 Bedam)
519 3183 691 3247 subjiciuntur
728 3183 819 3231 ‘Nixa
834 3181 910 3247 geuu’
930 3191 958 3232 et
978 3183 1117 3247 ‘genibus,
1138 3184 1256 3248 species,'

162 3254 206 3302 alii
216 3254 249 3302 de
269 3254 405 3304 duodeuim
417 3258 513 3318 Signis,
529 3273 577 3307 uec
595 3274 645 3308 non
657 3261 690 3309 de
729 3256 834 3320 ovidio,
866 3257 986 3319 Manilio,
1017 3265 1044 3307 et
1075 3259 1133 3308 aliia
1162 3259 1255 3323 podtis.

163 3335 263 3391 septem
274 3331 399 3391 Pirustis,
408 3346 437 3380 uo
449 3333 482 3380 de
493 3334 598 3381 illerum
611 3336 691 3384 uomi-
729 3332 804 3380 Idem.

162 3406 247 3454 uibus·
279 3406 345 3454 Snot
357 3406 437 3454 etalii
457 3422 512 3468 sex,
528 3409 595 3471 apud
609 3409 690 3459 Auso·
760 3409 939 3472 dcoasr'opeio]
971 3408 1126 3472 Κασσιέπεια,
1153 3411 1179 3461 id
1207 3421 1256 3474 est,

163 3482 244 3542 nium,
263 3479 354 3529 eodem
376 3481 444 3541 loco,
460 3483 493 3530 ‹le
510 3485 642 3533 mensibus
664 3492 691 3535 et
726 3483 905 3546 ‘Cassiopea’
926 3486 995 3548 apud
1023 3486 1143 3547 Aratum,
1167 3488 1255 3538 Ptole·

164 3557 345 3620 qustuorrnni
362 3558 532 3621 temporibus,
543 3560 635 3624 qulbus
647 3576 691 3609 an·
728 3571 829 3620 maeum,
842 3558 991 3621 Proculum,
1009 3568 1037 3609 et
1056 3561 1120 3610 alios
1138 3563 1256 3613 Graecos.

163 3642 228 3679 uuus
250 3631 319 3680 orbis
343 3632 560 3697 perficitur-ejus
582 3639 693 3699 generis,
728 3632 802 3681 Idem.

164 3707 209 3769 qui
233 3705 343 3755 Sebolici
370 3707 445 3768 vulgo
473 3708 599 3771 rideatur,
626 3727 691 3775 quoa
759 3709 901 3773 autores]
919 3712 964 3760 Bis
975 3727 1046 3775 sena,
1057 3713 1192 3764 duodecim
1206 3715 1255 3779 sig-

164 3779 283 3844 equidem
303 3780 481 3830 Grammatico
503 3785 596 3846 verius,
616 3803 691 3851 qnam
728 3797 761 3832 Μ
771 3787 902 3846 complent
914 3787 1063 3837 Zodiacum·
1085 3788 1160 3838 Idem·

164 3855 255 3906 Poeta
267 3856 409 3906 tribuerim
435 3858 571 3908 Quomodo
588 3868 615 3909 et
627 3862 692 3926 illos,
759 3861 1257 3928 suoru,Scorpios11taexemptsru

164 3932 345 3996 dioetaliquis,
356 3932 487 3981 latinitate
506 3933 614 3984 donatos
617 3939 692 3999 ,qui-
727 3936 826 3983 omnia:
844 3950 928 4000 oeque
945 3937 1150 4000 debuitquidam
1161 3940 1256 3990 addere

163 4005 212 4054 bus
230 4006 451 4070 siugulissepteni
469 4010 692 4074 sapientumnpo·
727 4013 934 4074 conjunctionem
960 4023 1018 4078 post
1039 4015 1110 4078 libro,
1136 4017 1256 4082 libroque.-

164 4081 343 4145 plrtlregmata,
354 4095 508 4146 nominaque
520 4091 547 4133 et
557 4085 641 4135 Urbes
653 4102 692 4136 rs·
726 4086 847 4149 quoniam
867 4088 966 4151 syllaba
989 4089 1034 4138 illa
1055 4098 1148 4141 natura
1173 4094 1257 4142 brevia

164 4161 299 4209 texuntur.
333 4158 452 4208 Carmina
471 4166 601 4223 praeterea
620 4162 693 4226 qoin-
729 4159 836 4223 produci
865 4169 953 4225 potest
981 4172 1090 4230 propter
1119 4175 1256 4234 seqrreotes
