2804 4764
150 291 238 357 1212
501 309 606 358 utura
630 309 831 358 vusrouun
859 283 897 358 ru

182 450 232 498 Aul
242 453 295 513 port
312 450 432 514 dactylum
444 454 513 514 eique
529 451 680 514 semipedem]
717 452 892 514 opponebant,
903 459 932 501 ut
944 460 1032 503 esseut
1044 455 1125 519 magis
1140 454 1246 508 ridiculi.

150 526 188 574 Ut
206 527 232 574 in
251 526 373 575 Centonls
392 541 467 576 versu
486 536 593 590 quarto:
610 528 679 576 ‘'l'n-
716 527 858 590 Virgilius:
891 529 1016 593 ‘Oraque
1042 532 1186 581 corticibus
1207 550 1246 582 sn·

149 616 199 664 que
224 601 312 664 prior!
332 609 360 652 et
382 603 407 651 iu
428 602 547 652 vicesimo
568 610 678 667 quarto:
715 613 787 653 rnrrnt
809 605 937 653 lrorreuda
959 605 1075 655 casatis!
1113 608 1247 674 iutelligit

147 677 243 725 ‘Sacra
255 677 369 726 canunt!
387 679 460 727 idem.
714 679 782 729 enim
803 681 934 730 ‘Oscilla'
953 695 986 729 ex
1008 682 1151 731 corticibus
1174 685 1246 734 arbo·

181 752 283 801 Lndiero
293 756 352 816 quod
366 754 456 816 Greci]
475 754 567 802 Mnltis
580 753 677 802 mendis
714 771 787 806 rum:
820 773 896 820 quern
924 771 1021 805 morem
1050 757 1245 808 Atheniensium

149 829 368 880 deformatunm
389 832 467 880 verbu
485 832 590 881 Ausonii
610 832 677 881 inre
713 835 799 894 tangit
820 841 847 882 et
870 834 977 882 lliamus
1007 833 1191 883 Terentianus.
1223 836 1245 886 Α

148 907 214 956 scitu
227 908 391 970 dignissima:
419 908 494 968 adeo,
507 916 536 956 nt
555 909 677 957 mendosa
714 911 1246 973 quojactationesipsas.etcerunadoues,

148 983 227 1032 editio
240 985 306 1033 bono
321 985 377 1033 viro
397 991 424 1033 el
445 986 545 1033 crtrdito
565 984 677 1033 Brodaeo
714 1002 776 1049 quas
788 984 1168 1046 Graecirocantaidpos,etiarn
1181 987 1246 1036 ‘Os-

148 1059 316 1122 imposuerit:
343 1075 419 1124 quem
431 1067 458 1110 et
470 1062 511 1109 alii
524 1075 625 1124 quoqne
638 1074 676 1110 se·
712 1062 779 1111 cilla'
798 1063 971 1125 appellarunt.
1006 1061 1098 1110 Idem:
1125 1063 1244 1112 ‘Osciila

150 1136 222 1199 qunti
243 1143 311 1186 sunt.
356 1139 414 1186 Non
431 1138 499 1186 euim
518 1138 584 1186 ullus
606 1139 676 1186 lusus
713 1152 746 1186 ex
766 1140 817 1186 alta
839 1139 1002 1201 stirpendunt
1021 1137 1108 1185 mollia
1130 1139 1246 1202 quercu!

146 1220 187 1261 est
200 1212 416 1272 ossiculorunr‚nt
435 1215 492 1277 ipse
513 1222 597 1276 putat.
623 1216 675 1265 Ne·
713 1214 765 1263 llic
782 1225 868 1265 aunem
891 1215 957 1278 aprrrl
975 1213 1116 1263 Ausonium
1130 1222 1243 1265 riostrnm

149 1291 676 1354 quenuquamtalequidVetereslralrn-
713 1298 740 1339 et
762 1292 824 1354 ipsae
847 1293 925 1340 larvae
948 1297 1016 1348 sunt,
1042 1304 1088 1338 sen
1118 1305 1244 1353 persone,

145 1370 230 1413 erunt.
265 1366 323 1416 Hoc
343 1367 410 1415 euim
430 1382 445 1415 a
462 1376 547 1416 tuente
568 1369 676 1418 Ausonii
714 1369 905 1432 quaesicaptm
917 1375 1142 1429 etcoagrncntatae
1154 1377 1242 1416 erant:

145 1441 336 1492 alienissimum.
370 1444 462 1507 Neque
481 1443 676 1504 animadvertit,
712 1453 742 1494 nt
754 1445 855 1493 articuli
865 1446 930 1507 ejus,
942 1442 1142 1507 vestibulaque,
1153 1444 1243 1508 quibus

145 1517 207 1580 quid
220 1518 357 1569 interesset
369 1520 436 1568 inter
448 1520 541 1581 lusum,
552 1522 599 1567 et‘
613 1519 677 1567 ludi·
713 1523 854 1570 commissae
870 1529 954 1582 eraut,
975 1520 1000 1568 iu
1019 1533 1120 1569 omnem
1146 1533 1242 1583 partem

146 1607 216 1643 crum
226 1594 244 1643 ι’
262 1596 311 1645 lroc
324 1604 373 1658 est,
384 1596 452 1644 inter
463 1595 562 1657 rosiris,
572 1593 611 1643 rud
623 1593 675 1642 rai·
712 1595 891 1657 flecterentur,
909 1604 936 1646 et
954 1596 1048 1657 figuras
1067 1611 1143 1646 omne
1164 1613 1242 1661 genus

143 1686 216 1731 γνιιιν.
251 1672 302 1721 Sed
321 1671 415 1722 fefellit
426 1673 563 1732 homiuem,
575 1679 603 1720 nt
614 1672 677 1727 dixi,
712 1673 897 1736 exprimerent.
929 1673 1012 1722 Eaein
1033 1673 1181 1722 convivium
1193 1688 1243 1722 rne-

142 1748 223 1797 lectio
231 1748 362 1809 mendosa,
373 1748 581 1811 inconeximpm
589 1745 676 1808 eropi·
713 1748 782 1797 dium
797 1749 970 1812 jaciebantur,
988 1755 1015 1797 et
1032 1749 1082 1796 illis
1094 1763 1137 1797 eas
1149 1749 1243 1811 figures

142 1841 207 1873 scor:
233 1833 260 1874 et
269 1826 367 1874 ossiculo
381 1841 426 1889 pro
438 1827 520 1874 oscilla
534 1826 675 1889 legentem.
714 1825 770 1872 Rex
782 1824 894 1873 convivii
905 1823 1079 1886 exprimebat,
1099 1834 1129 1874 ut
1140 1825 1242 1875 murtati-

142 1900 182 1951 Ao
194 1916 227 1949 ne
237 1902 292 1951 lraec
304 1902 408 1966 quidem
419 1901 595 1951 tantummodo
607 1915 677 1949 rnen·
712 1901 768 1949 ouis
791 1907 817 1950 et
836 1901 971 1950 brevitatis
990 1901 1051 1949 vitre
1070 1900 1241 1959 commonefa-

143 1977 216 2040 dosa,
227 1980 271 2026 scd
285 1985 313 2028 et
325 1980 461 2042 sequentia
473 1978 539 2026 male
552 1977 583 2025 ab
597 1977 675 2024 inter·
712 1985 797 2027 cerat:
826 1985 852 2026 et
864 1984 1006 2041 propterea
1024 1976 1165 2026 bibendum
1179 1993 1241 2039 esse,

143 2055 324 2117 punctionibus
336 2062 446 2116 accepta
456 2062 526 2102 suut.
544 2054 609 2105 Quae
623 2054 675 2115 pri·
712 2061 740 2101 ut
756 2054 816 2101 nilril
829 2051 961 2101 defructu
980 2053 1056 2116 hujus
1069 2055 1131 2102 vitre
1144 2062 1243 2117 pereat,

143 2140 173 2176 us
190 2129 236 2190 ita,
250 2131 287 2177 uti
300 2130 410 2192 legenda
428 2138 497 2189 sunt,
514 2144 673 2191 proponam:
712 2128 822 2177 diceret.
846 2129 877 2177 ld
890 2129 992 2177 omnino
1005 2129 1092 2191 plane,
1102 2143 1133 2177 ac
1145 2130 1242 2178 diserte

142 2204 235 2253 deinde
264 2205 295 2254 ad
318 2221 405 2254 eorum
432 2207 672 2266 interpretationem
712 2219 745 2252 cx
757 2206 880 2253 Petronio
891 2218 1037 2268 cognosces.
1072 2205 1242 2268 Cujnsrerba

143 2281 288 2345 aggrediar.
315 2283 380 2331 Num
390 2283 426 2330 ila
437 2290 463 2330 et
475 2281 672 2344 emendandum,
712 2282 819 2344 adposui
833 2299 840 2331 ι
859 2284 867 2308 ‘
879 2281 1032 2330 Potantibus
1047 2295 1119 2341 ergo,
1129 2288 1158 2329 et
1168 2296 1242 2330 acen·

141 2365 169 2406 et
190 2359 441 2421 interpungendum:
461 2357 546 2406 Simile
565 2363 592 2405 ut
608 2359 674 2407 diem
712 2359 839 2407 satissime
852 2358 966 2406 lautitias
984 2357 1057 2413 nobis
1077 2357 1241 2416 mirantibus,

142 2433 242 2494 ludicro,
253 2437 311 2496 quod
326 2435 406 2482 Greci
417 2432 543 2494 στομάτων
553 2450 672 2485 amouere.
710 2433 804 2482 latram
818 2432 1061 2497 argenteamattulit
1071 2431 1142 2479 nobis
1152 2445 1241 2480 servus

145 2511 235 2558 Oscilln
246 2526 272 2558 eu
280 2516 344 2558 suut.
378 2511 418 2558 Ad
427 2527 539 2559 summum
550 2516 672 2574 quattuor·
711 2511 748 2558 sic
760 2516 854 2572 aptans,
866 2519 894 2558 ut
906 2508 1008 2557 articuli
1025 2507 1091 2571 ejus,
1103 2507 1241 2554 vertebra·

63 2581 66 2587 ’
143 2586 315 2650 deuimfignrus
327 2587 487 2635 Geometricus
498 2587 591 2635 inirent.
608 2589 672 2636 Sunt
711 2601 761 2650 que
772 2588 864 2635 locatis
878 2588 902 2634 iu
919 2599 1020 2633 omnem
1039 2592 1139 2645 purtem
1152 2581 1239 2631 flecte·

140 2663 204 2710 enim
214 2662 367 2725 equitaturo:
391 2663 671 2725 retorqueamus·
711 2672 809 2714 rentur.
853 2664 927 2711 lianc
949 2677 1005 2710 curn
1025 2675 1104 2723 super
1128 2675 1238 2708 mensam

142 2737 176 2783 tis
186 2737 269 2785 lineis:
294 2743 335 2785 unt
353 2739 425 2786 rectis
440 2740 550 2800 αιιςιιὶὶιῑ
567 2744 604 2790 cel
615 2743 673 2789 olli·
710 2741 797 2800 semel,
813 2740 956 2802 iterumque
969 2738 1116 2799 abjecisset,
1127 2747 1156 2784 ct
1171 2743 1239 2785 cate·

141 2812 206 2875 quis:
230 2814 338 2863 isosoeIc:
360 2817 539 2879 oelisopleurn:
563 2820 671 2881 orthogo-
710 2816 781 2863 natio
792 2816 891 2862 mobilis
902 2814 999 2877 aliquot
1009 2811 1105 2873 figuras
1115 2813 1240 2874 exprime·

142 2887 184 2936 oio
195 2903 298 2952 quoqne:
313 2892 349 2939 uei
358 2893 457 2941 aaaron,
492 2893 586 2944 Harum
600 2898 672 2945 vern.
711 2896 760 2953 rel,
771 2891 909 2939 Trimalcio
920 2889 1032 2951 adjecit:
1053 2888 1122 2948 Heu,
1132 2889 1183 2937 heu
1194 2903 1238 2937 nos

142 2963 248 3012 bolarum
268 2968 342 3015 soriis
366 2968 509 3028 coagmentis
531 2971 673 3020 simulentur
710 2967 831 3016 miseros!
861 2981 936 3030 quam
958 2973 1029 3013 totus
1052 2966 1187 3014 lroruuncio
1206 2966 1238 3013 nil

141 3042 672 3104 speciermillesormurnmElesunlnsbelluo:
710 3050 759 3092 ert·
793 3043 808 3071 ⁶
851 3043 866 3070 '
912 3044 927 3069 ⁵
968 3041 1011 3089 Sic
1033 3041 1128 3089 111111111
1152 3043 1239 3090 cuncti

142 3118 349 3179 suloperleslie:
376 3133 446 3167 unser
462 3121 556 3169 colans:
583 3125 672 3172 etmir·
711 3127 846 3181 postquam
866 3131 912 3171 nos
940 3115 1042 3165 auferet
1061 3116 1147 3165 Orcus
1171 3119 1238 3180 Ergo

143 3191 245 3241 milleio
263 3195 337 3242 ornis
355 3195 489 3244 subsidens:
515 3205 626 3247 ematur:
648 3205 672 3248 ei
711 3196 835 3256 vivamus,
855 3195 915 3242 dnm
935 3193 997 3242 licet
1017 3206 1073 3241 esse
1085 3193 1170 3243 benc?
1188 3195 1238 3242 Pli-

144 3271 326 3319 lnlrnnscenis:
349 3274 407 3335 quin
426 3276 550 3323 silucris:
577 3283 600 3325 et
618 3293 673 3326 can·
710 3271 1010 3333 ninstib.rm.cap.ua.
1043 3270 1237 3333 ‘Cumpopulo

143 3345 238 3394 liturus:
265 3351 289 3395 ei
307 3349 356 3396 eliu
373 3349 502 3408 hujusmodi
517 3353 672 3403 insumemus.
710 3346 846 3395 admodum
869 3345 1016 3408 placuisset,
1038 3353 1066 3394 el
1087 3347 1168 3394 natali
1196 3347 1238 3395 die

142 3421 349 3484 liumfigururnm,
359 3440 411 3486 que
427 3427 489 3474 alirn
505 3428 552 3475 atie
562 3429 674 3479 scientius
710 3437 755 3472 suo
776 3423 921 3471 cenuvium
941 3421 1148 3482 haberetpedna
1166 3436 1238 3470 coena

141 3499 275 3559 namegast.
310 3499 375 3548 Hae
386 3501 464 3549 verba
478 3502 515 3549 ita
534 3506 672 3564 proculdu.
710 3498 820 3547 calidam
833 3499 963 3561 potionem
981 3498 1006 3545 in
1019 3498 1133 3559 pultario
1146 3512 1238 3561 popos-

141 3573 185 3622 bio
207 3575 317 3636 legenda
339 3584 407 3638 estut,
431 3585 459 3626 et
480 3577 671 3642 distinguenda,
709 3574 889 3638 clusiumque
908 3588 1042 3637 personam
1059 3573 1118 3635 ejus
1137 3575 1239 3623 diciac-

143 3647 211 3698 Nam
231 3652 292 3713 quin
312 3660 384 3701 recte
400 3651 575 3716 rropdrnr,et
592 3658 673 3707 oscilla
709 3661 812 3714 ceptam
833 3653 943 3707 intuens,
970 3664 1090 3699 coronam
1113 3663 1129 3697 e
1150 3651 1237 3712 capite

142 3726 372 3791 emendaverimus,
383 3738 479 3792 preater
494 3732 671 3796 conjecturam
709 3729 793 3776 1110111
811 3742 866 3775 eam
888 3724 1033 3774 1111111111ῑῖ
1066 3726 1118 3773 Ubi
1136 3725 1169 3773 d?
1181 3739 1238 3789 Ρθῐ·

143 3802 391 3867 certissimamque
413 3805 451 3853 usi
474 3821 570 3868 sumus,
593 3808 671 3858 fidem
709 3818 838 3866 souaqure
860 3803 885 3850 in
902 3803 1024 3850 conviviis
1041 3800 1240 3850 circumfereba-

140 3876 233 3928 fecerit
246 3887 320 3929 retus
330 3881 518 3942 Glossarins,irr
528 3898 578 3947 qno
590 3887 671 3948 scrip·
710 3891 751 3929 tur
774 3879 979 3942 intelligendum.
1013 3879 1051 3926 lix
1074 3878 1167 3940 quibus
1188 3879 1239 3941 pri·

141 3962 198 4005 tum
210 3957 319 4020 legitur:
339 3958 453 4007 ouillum
464 3957 600 4019 erupimus.
611 3971 671 4012 srrut
685 3968 686 3971 ’
708 3972 776 4006 mum
789 3965 900 4005 mentem
921 3955 1028 4003 Ausonii
1046 3955 1082 4002 ita
1099 3955 1238 4017 aperimus,

142 4031 210 4081 enirn
222 4033 310 4094 larvae,
322 4040 349 4082 et
367 4036 509 4098 προσωπεῖα,
520 4044 548 4084 nt
569 4052 601 4085 ex
613 4038 670 4087 Ma·
707 4046 736 4084 ut
753 4036 814 4083 niltil
833 4036 948 4098 potnerit
968 4035 1057 4082 melius
1077 4031 1236 4095 excogitari5

142 4108 230 4157 crubio
251 4111 436 4173 cognoscimus,
455 4126 513 4175 quae
534 4113 558 4161 iu
570 4113 668 4178 dripere,
707 4117 735 4160 et
745 4113 868 4159 somnium
884 4110 987 4159 Brodaei
1001 4111 1032 4158 de
1044 4111 1052 4137 ⁴
1065 4109 1239 4162 ostomachia‚¹

143 4189 171 4230 et
185 4182 373 4245 jactationibus
392 4187 497 4237 ludicris
514 4189 614 4240 Rustici
631 4192 670 4242 ori
707 4196 736 4238 et
757 4186 911 4237 ‘ossiculis’
931 4186 1099 4250 explodimus.
1134 4185 1237 4234 Deinde
