2804 4764
229 303 316 372 illul
579 319 686 371 uuum
708 317 914 370 vrorouurr
934 317 975 368 ru

231 460 336 525 legitur.
370 458 531 513 (initantum
546 459 631 510 ueacit
647 459 760 511 illamll·
798 461 871 512 tiiar.
1333 468 1337 479 ·

232 537 280 586 lieu
299 537 325 585 iu
343 536 447 600 acriptla
465 534 608 586 confundi?
632 536 701 586 unde
719 537 762 588 lrlo
830 539 872 600 §8
891 536 1027 586 Diaridiart
1048 536 1152 598 sederit
1172 537 1335 589 οιιιιιὶιικί·

232 619 322 663 natum
332 627 364 661 ex
376 611 550 677 geminatione
559 611 689 661 mendum.
709 610 761 662 Sed
798 612 852 674 tar]
878 613 938 663 Non
965 612 1057 661 meliur
1082 613 1210 662 diuidiaaa
1233 612 1337 673 sunit

234 695 262 738 et
279 689 306 738 in
327 688 462 737 Ciceroni·
472 688 588 737 oratioue
611 701 657 750 pro
671 687 763 740 Sextio
799 690 895 740 dicitur
905 704 982 755 quarn
997 691 1336 754 diacordiofoederia,diaaea-

234 762 326 816 eadem
337 763 476 827 geminatio
487 763 580 812 aitioae
591 769 652 812 eat:
674 762 682 791 ‘
696 763 763 814 cato
799 767 837 815 aio
852 765 970 826 sederit:
985 764 1035 814 hoc
1055 772 1107 828 eat,
1125 767 1215 816 omniu
1232 767 1335 831 inepte.

235 840 289 890 dua
300 848 328 891 et
337 847 430 890 auctor
440 847 467 890 et
478 848 552 890 actor
563 854 647 890 rerunt
662 839 763 890 illarum
800 842 951 904 Lugendum
968 856 1038 904 aero,
1058 841 1187 891 diaeidiaaa
1211 841 1336 901 sederit.-

235 912 477 976 init3'cuiruaticte
493 929 544 964 non
555 916 607 964 rint
623 930 708 977 aureo,
724 912 764 964 fu·
800 917 851 968 boo
871 924 921 980 eat,
939 918 1007 982 qnod
1026 919 1101 982 vulgo
1123 918 1278 983 ruptionem
1295 920 1336 969 val

237 993 287 1042 olle
304 990 446 1040 mecumri
464 996 489 1040 et
507 990 695 1041 aetoeindncet.
802 1001 936 1056 rupturam
952 993 1053 1043 dicunt.
1085 994 1190 1044 Partim
1209 995 1268 1045 hec
1284 994 1321 1044 da

270 1067 377 1117 Nulli
403 1068 506 1128 Areten
524 1081 569 1116 aaa
587 1066 699 1130 puorqaa]
716 1066 765 1116 iae·
801 1068 992 1119 vocabulanon
1010 1068 1088 1120 modo
1105 1070 1217 1132 librarii,
1227 1069 1278 1119 aed
1286 1070 1336 1121 etl·

237 1144 519 1208 mouumentum.
542 1144 599 1193 Nec
612 1142 766 1193 temereall-
803 1158 844 1193 um
866 1142 937 1193 docti
959 1144 1008 1192 riri
1031 1151 1089 1206 poet
1117 1152 1225 1194 renataa
1244 1145 1334 1196 literar

237 1218 315 1281 unde,
331 1232 407 1282 qoam
426 1232 459 1268 ea
480 1217 596 1268 Homero
615 1217 673 1281 ipro
690 1216 767 1266 intel·
804 1216 985 1268 confuderunt.
1029 1218 1234 1271 Notavimuada
1253 1220 1287 1270 iia
1302 1219 1334 1270 ad

237 1295 324 1344 lectur
344 1293 471 1357 aperitur,
492 1293 537 1358 qui
557 1300 610 1354 eat,
630 1293 767 1356 ‘Quaqua
804 1301 901 1342 tontum
911 1295 1021 1343 alterum
1030 1295 1061 1343 Τ.
1073 1293 1150 1344 Llaii·
1168 1295 1314 1346 Gnaoriar.

239 1369 308 1420 aulea
316 1367 578 1434 aequunturArgiroa
588 1369 614 1418 in
625 1382 672 1417 rna
682 1366 766 1429 belin
837 1371 1086 1436 DtnldimJoedm'e]
1102 1370 1279 1424 Scribendnm
1289 1374 1336 1425 ἅ-

239 1445 320 1495 Τιοὸι
347 1453 435 1496 auteur
462 1444 583 1509 diaporiti
617 1447 643 1493 ln
671 1450 769 1493 turmae
805 1449 900 1499 eidiam.
916 1449 1048 1498 Barthiur.
1058 1449 1096 1498 ita
1109 1455 1136 1498 et
1146 1449 1204 1500 Cel.
1216 1449 1337 1500 Gratim

240 1523 366 1587 equitum,
377 1536 526 1585 cuneoaqua
538 1520 685 1586 pedeatrea,
698 1521 769 1569 clan-
805 1524 832 1573 in
853 1524 907 1573 auia
925 1522 956 1572 ad
979 1536 1021 1571 ma
1040 1522 1132 1573 literia.
1167 1523 1278 1574 Lucret
1289 1523 1334 1574 lib.

240 1604 332 1662 geaten
352 1597 457 1648 turbida
473 1596 634 1649 confundunt
652 1597 770 1663 agmina?
806 1613 837 1649 ιι.
865 1597 1013 1648 ‘Concillia
1034 1601 1062 1646 et
1082 1596 1203 1648 diacldiia
1223 1598 1339 1649 exercita

242 1674 381 1725 Amraio.
805 1674 926 1727 crebris!

273 1752 378 1814 Argian
388 1751 561 1817 mumurque]
578 1751 710 1815 Prolepaia
721 1756 772 1812 eat,
841 1753 891 1803 No.
902 1756 951 1803 tuo
967 1750 1018 1802 Sao
1031 1751 1210 1816 meacm
1225 1749 1338 1816 laona]

242 1827 443 1891 Figuralexeoa.
460 1827 772 1893 Aeieaaequunturilrn·
808 1829 853 1880 Sic
873 1835 924 1879 ret.
945 1827 1045 1878 codex.
1072 1827 1250 1892 virgilianum
1272 1829 1339 1879 euin

242 1917 288 1954 ooa
305 1903 385 1955 ducea
403 1905 430 1953 in
448 1902 550 1967 prolia,
566 1913 772 1966 unumquemque
809 1913 867 1956 eat:
893 1905 964 1954 ‘Sua
989 1904 1082 1969 cuique
1107 1917 1207 1955 exoraa
1224 1904 1339 1956 raom

242 1981 381 2030 auaaoier.
407 1979 515 2030 Viaetea.
809 1964 1000 2044 Fortunamque
1011 1977 1113 2029 ferent!
1127 1979 1233 2031 Aoum.

287 2058 341 2119 §t
367 2057 401 2105 Et
427 2054 570 2119 ιιοιιιιιιι]
597 2055 642 2105 Sic
664 2053 774 2106 Seneca.
842 2057 895 2106 No.
911 2060 968 2106 tut.
997 2058 1039 2120 §2
1054 2055 1186 2117 Aidiaoe
1206 2057 1340 2107 Tolotai·

244 2132 482 2194 ‘Monrtratlouef
506 2132 643 2183 Terentio·
662 2132 689 2181 in
712 2137 773 2182 actu
810 2132 926 2196 pralium,
943 2132 997 2196 lin]
1024 2132 1150 2182 Pertinax
1173 2140 1205 2184 et
1232 2133 1339 2199 indigna

246 2212 338 2274 quarto
349 2205 534 2271 Adelphorum.
553 2207 629 2256 idear.
811 2207 908 2259 menda
917 2208 984 2257 huno
1001 2210 1085 2259 locum
1097 2209 1339 2274 occuparitlraete

279 2285 390 2336 Nom
406 2284 521 2347 Jappa'ter
538 2283 638 2344 iumen,
648 2282 702 2348 irc]
719 2284 775 2347 Epo
811 2299 869 2348 nna,
879 2291 957 2349 atque
972 2284 1089 2345 inolevit,
1101 2283 1220 2335 Antonio
1232 2285 1340 2351 perinde

244 2360 333 2409 ‘ileoa
351 2358 497 2411 Genltelea'
517 2372 578 2408 reor
594 2359 657 2425 dici,
681 2365 711 2408 ut
730 2373 775 2423 pe-
812 2365 843 2410 ut
872 2360 989 2410 Homero
1013 2361 1169 2426 veritatique
1200 2361 1341 2412 coatrarla.

246 2440 336 2483 rentea
359 2439 388 2482 et
409 2438 530 2484 auctorea
550 2437 578 2483 et
597 2441 776 2498 procreatores
812 2437 925 2499 Etenim,
934 2435 1003 2502 quod
1013 2436 1114 2487 Hector
1128 2435 1220 2500 lapide
1238 2437 1307 2487 letaa
1317 2436 1342 2486 ln

247 2510 456 2560 remmomnlurn
473 2516 502 2559 et
517 2511 693 2562 animantium.
717 2512 776 2562 Mo·
812 2525 915 2562 tuorum
941 2526 969 2561 ae
996 2512 1126 2575 receperit
1147 2512 1343 2563 multitudinem

246 2592 354 2649 verme,
369 2586 441 2650 quod
457 2585 591 2647 nonem
607 2587 641 2638 ab
661 2587 777 2638 Homero
814 2599 872 2636 ιιι.
889 2585 965 2636 iliad.
983 2588 1140 2637 continetur.
1174 2586 1236 2638 Hoc
1257 2597 1345 2638 autern

248 2663 337 2712 vocari
359 2662 430 2711 lleoe
459 2664 576 2725 reperio:
600 2665 666 2713 hauc
687 2678 777 2713 rocem
814 2662 1230 2728 pretio,pariferegrorta‚parea
1238 2664 1345 2725 virium,

249 2735 432 2788 Grammaticis
452 2739 529 2789 modo
545 2738 658 2788 Deorum
675 2738 778 2788 immor·
815 2746 978 2787 munerantes
1001 2753 1058 2788 aeae
1083 2738 1204 2801 invicem,
1221 2739 1345 2790 diaceaae·

250 2813 341 2863 talium
363 2813 514 2871 aeternitati,
540 2814 618 2864 modo
643 2821 778 2878 perpetum
814 2820 883 2862 runt.
901 2812 977 2862 Unde
990 2822 1017 2863 et
1028 2812 1139 2863 Ovidius
1150 2813 1345 2865 Homerumaa·

250 2903 338 2939 eorum
357 2889 530 2952 procreationi
555 2888 777 2939 attribuentium:
816 2895 892 2938 cutua
904 2889 1058 2938 lucratione
1076 2889 1123 2939 illa
1134 2890 1245 2955 egregia
1253 2891 1344 2955 Ulpaia

249 2980 326 3030 quam
332 2966 501 3029 posteriorem
513 2963 781 3029 significationempo·
816 2972 907 3015 contra
918 2963 1035 3028 Ajacem,
1047 2965 1084 3015 ait
1096 2982 1103 3015 a
1126 2965 1199 3015 ‘Sed
1218 2975 1309 3016 tamen
1320 2981 1345 3016 e·

250 3040 306 3090 litua
318 3047 420 3090 aecutoa
433 3055 487 3091 eaae
499 3041 628 3091 exiatlmo.
646 3041 774 3091 Paradae.
816 3050 909 3091 rentur
921 3047 1014 3091 veatrn
1022 3040 1167 3092 fortissime
1175 3057 1272 3107 pugne
1282 3043 1346 3095 outa

282 3117 396 3179 duppiter
403 3116 493 3165 intereo
500 3114 620 3179 cunia]
629 3117 684 3178 Ego
693 3117 780 3180 legen·
816 3115 888 3165 snit?
911 3115 1011 3165 Hector
1027 3116 1083 3166 ubit
1103 3117 1216 3167 violatur
1239 3120 1346 3168 vulnera

252 3192 313 3241 dum
334 3192 470 3241 existimo:
487 3193 601 3254 luppiter
616 3193 707 3242 intereo
729 3208 781 3244 curt
817 3191 905 3241 uuilo.'
948 3192 1081 3241 Corruiaae
1101 3190 1206 3256 quidem
1230 3193 1346 3243 Hectora

252 3267 311 3316 utra
323 3265 461 3314 Geaioiidua
470 3280 518 3314 uero
528 3266 659 3315 Concilium
669 3268 732 3329 cogit
741 3282 781 3316 aa·
817 3267 851 3316 ab
859 3267 940 3330 Ajace
952 3267 1029 3316 ictum
1039 3265 1346 3330 lapidedlaaimulaudum

251 3354 342 3404 ροιιιι,
351 3341 381 3388 da
389 3339 457 3388 reim
467 3341 588 3390 Aciiouuu
606 3340 782 3403 Nongeaitnli·
817 3356 866 3391 nou
886 3352 937 3403 eet,
951 3343 996 3391 aed
1008 3342 1116 3406 Ajacem
1133 3343 1178 3392 illa
1193 3344 1268 3407 prior
1284 3358 1345 3393 aaau

255 3415 304 3466 latr.
327 3414 537 3464 Videntureuina
549 3416 700 3467 Genialerii
720 3417 782 3480 dici,
817 3419 898 3467 altero
927 3425 1116 3482 percurrerat:
1141 3419 1347 3485 memorandum,

254 3491 364 3554 quicum
375 3489 444 3542 Jove
462 3490 619 3541 accumbant
628 3505 738 3555 temper,
754 3500 783 3542 et
818 3494 882 3544 truta
897 3493 1011 3556 excipiet
1022 3495 1069 3543 hoc
1085 3494 1144 3544 loco
1154 3495 1239 3544 ictum
1250 3494 1347 3545 Hecto-

254 3566 370 3629 ajuedem
382 3580 476 3615 menan
490 3568 781 3632 relntgenioceurean-
818 3583 873 3618 rena
898 3568 1075 3617 uehementius
1104 3575 1131 3618 et
1158 3568 1348 3620 collabentem?

254 3647 306 3702 tur,
323 3655 429 3705 quorum
441 3640 542 3705 quidem
554 3643 689 3694 duodecim
700 3644 781 3693 nomi·
818 3643 889 3698 Quid
910 3654 951 3694 eat
973 3651 1068 3708 autem,
1079 3644 1148 3709 quod
1166 3645 1211 3707 ait,
1228 3645 1276 3694 ‘in
1292 3658 1348 3695 auo·

255 3720 302 3767 nat
312 3716 419 3773 Enniua,
431 3726 460 3767 et
477 3731 509 3766 eo
528 3733 633 3768 numero
644 3733 689 3768 aea
702 3733 738 3770 rc.
750 3719 783 3769 ab
818 3734 914 3770 rurore
925 3720 1019 3784 recipit
1036 3718 1259 3771 multitudinem?
1278 3719 1349 3786 quid,

255 3798 364 3856 utroque
379 3806 443 3842 aexu
463 3793 622 3857 putabuntur
639 3793 714 3843 timul
733 3794 784 3844 die·
819 3795 1021 3859 ‘perseverante
1050 3795 1220 3846 certamine?
1254 3798 1349 3847 Exclu·

257 3870 387 3928 cumbere,
395 3871 464 3922 unde
475 3870 554 3921 ducta
565 3868 784 3922 διδιιόθιοιοιιιιι
819 3869 906 3920 denda
916 3871 997 3934 igitur
1013 3870 1057 3919 illa
1068 3876 1125 3920 tota
1136 3871 1300 3923 riderentur:
1318 3872 1348 3922 la

261 3938 383 4009 Auguatij
404 3945 438 3996 de
460 3961 511 4011 qua
535 3946 668 3996 notiaaima
687 3961 729 3996 rea
749 3962 783 3997 ex
818 3962 863 4011 pato
883 3947 972 3996 Hector
992 3948 1070 4011 lupide
1087 3948 1149 3997 ieter
1166 3949 1193 3997 ia
1209 3962 1306 3998 tumn
1324 3963 1348 3998 ιι

256 4020 390 4071 Suetonio.
423 4021 587 4084 Nouignoro
602 4022 711 4070 alteram
731 4023 784 4073 lec·
819 4022 904 4088 recipit
926 4023 1110 4072 multitudinem.
1154 4022 1220 4075 Qua
1249 4031 1347 4075 temere

257 4096 353 4144 tionem
374 4095 451 4145 etiam
474 4109 548 4158 poree
570 4092 683 4159 defendi,
699 4110 784 4161 neque
820 4105 899 4162 atque
921 4098 1099 4162 imprudenter
1120 4098 1262 4160 inculcata,
1279 4098 1347 4149 aliud

257 4183 313 4220 aaut
324 4171 428 4236 quidem
445 4178 620 4239 oppugnatum
633 4172 698 4223 reni.
719 4173 784 4225 Bar·
820 4174 913 4223 erroria
931 4174 1115 4224 adminiculum
1132 4187 1180 4238 per
1201 4176 1347 4240 contagium
