2804 4764
512 328 668 378 eunoun
695 331 909 383 nerrxrnrx.
967 393 978 410 ·
1167 323 1253 390 1007

159 463 326 527 Phosphoro,
335 468 362 513 et
373 464 465 516 merito
474 479 527 524 sno.
539 475 567 517 et
578 468 688 531 Augusti
727 483 817 520 rerurn
839 487 950 523 censeo:
976 475 1026 525 etsi
1045 482 1134 526 contre
1149 483 1253 527 senten·

159 540 393 601 commendatione,
415 555 430 589 e
448 556 498 605 quo
520 551 620 592 emetur
639 551 687 593 est.
727 546 789 595 tiern
801 547 858 610 ejns
869 550 913 610 eit,
930 558 957 599 et
977 558 1021 601 ent
1032 552 1113 615 ipsius
1130 554 1252 614 oslemue,

159 614 385 666 Honoratiseimus
403 623 490 666 eutem
507 618 635 682 quadriga
653 620 689 668 lo·
727 630 771 673 eut
782 615 914 687 operarios
926 627 1060 676 erraverit.
1085 628 1176 678 Multis
1184 629 1252 677 euim

158 707 213 748 eus,
232 701 261 743 ut
277 694 363 754 docui,
382 709 415 743 ex
437 696 504 745 Circi
523 697 641 747 instituto
658 699 689 748 ei·
727 700 863 749 contendit
869 701 971 764 jugules
983 701 1088 751 minoris
1097 701 1253 765 dignationis

157 768 396 833 nisteriorjugslis.
416 770 504 821 Quare
517 773 688 834 Epigramma·
725 789 801 837 quem
819 773 932 824 lunarios
953 774 1041 825 fuisse.
1071 775 1123 825 Sed
1140 790 1190 824 non
1208 776 1253 824 de-

158 846 193 895 tis
210 846 280 895 illius
297 862 387 896 verens
404 849 441 897 sio
452 857 512 897 eunt
524 852 688 914 concipiendi
726 858 794 910 suut,
812 865 868 915 qun
891 851 1006 900 omnihus
1022 851 1078 914 rjus
1094 852 1252 913 argumentis

157 929 185 971 et
195 921 413 985 interpungendi:
428 925 595 985 Pegurnehine
604 930 688 978 deuter
724 941 861 988 opponam.
893 926 955 989 Hie,
971 927 991 975 ei
1010 927 1071 975 mihi
1081 925 1166 975 credis
1181 927 1251 989 (nuru

156 998 397 1048 currentibidaeue
405 1001 687 1066 driox,Fusisedqunr·
725 1001 831 1064 exsequi
854 1001 1053 1064 disputetloueru
1082 1003 1158 1050 istem
1183 1016 1251 1052 nune

156 1074 516 1138 tundettilicnstorequrer.
549 1078 635 1141 Perge
651 1080 688 1128 in·
724 1090 774 1125 uon
802 1074 890 1139 ruent)
918 1076 1043 1127 Ausonius
1070 1077 1250 1140 Plrosphornm

157 1151 215 1214 quit
226 1149 259 1198 sd
272 1150 374 1212 Elysius
384 1151 469 1210 sedes,
486 1159 513 1200 et
530 1167 587 1201 curu
606 1156 687 1219 equis,
724 1151 796 1214 pouit
816 1151 842 1199 lu
856 1151 921 1214 jugo
941 1152 974 1201 nd
995 1153 1096 1211 lterum,
1117 1152 1161 1216 qui
1181 1153 1251 1202 lorus

157 1225 202 1289 qui
214 1225 250 1272 ibi
262 1227 469 1288 prestantissimi
480 1218 692 1294 habentemque?
724 1240 782 1275 mee
801 1228 930 1275 sententie
947 1228 1092 1290 precipuus
1108 1233 1157 1289 est,
1175 1242 1251 1290 quem

156 1298 258 1363 δήμω
278 1313 427 1363 compones.
459 1301 490 1351 lu
507 1316 538 1351 ee
555 1303 688 1367 quadriga,
725 1302 875 1364 plerumque
897 1302 1002 1351 tenebat
1020 1308 1138 1366 speratus
1159 1308 1251 1353 unctor

155 1373 192 1422 ihi
210 1380 317 1423 nument
333 1373 427 1424 dexter
444 1376 558 1439 Pegasus
569 1385 596 1426 et
608 1379 687 1428 levus
724 1377 858 1426 victoriae:
875 1376 899 1425 ei
910 1375 1029 1426 dextrum
1046 1378 1072 1426 iu
1083 1376 1174 1427 eodem
1186 1378 1251 1440 jugo

157 1448 241 1497 Arion
253 1449 286 1497 ed
299 1450 391 1512 jugum
409 1451 519 1502 seilicet.
551 1452 603 1502 Sed
620 1452 686 1516 funi,
724 1453 794 1501 locet
812 1453 956 1517 Pegasum:
974 1452 1074 1503 funales
1093 1461 1178 1503 eutem
1198 1465 1251 1502 ste-

155 1525 184 1575 in
207 1533 259 1587 est,
281 1525 314 1575 ed
337 1525 424 1576 funem
451 1528 544 1578 Castor
565 1529 613 1579 tihi
642 1529 687 1580 det
725 1527 776 1576 tuit
791 1528 921 1576 sinistrum
935 1527 1040 1590 Arione,
1057 1527 1176 1577 dextrum
1193 1528 1252 1591 Cyl·

156 1609 279 1665 quartum
295 1619 368 1653 suum
387 1619 490 1670 equum.
524 1608 588 1656 Vult
608 1608 686 1671 igitur
724 1600 816 1650 11111111·
836 1603 978 1652 Gronovius·

156 1678 274 1726 Cestoris
291 1692 384 1743 equum
404 1689 432 1729 et
452 1681 628 1743 Phosphorunr
651 1683 688 1731 fu·
758 1677 809 1726 No.
832 1677 889 1728 253.
923 1678 1049 1741 lSporge
1067 1693 1129 1728 mero
1151 1677 1252 1742 cinnes]

154 1753 229 1801 unies
251 1767 318 1815 esee,
334 1761 454 1820 tunquam
473 1757 606 1822 quadrig.
621 1759 687 1823 ψῃ.
723 1750 883 1815 ‘Belliquies
903 1753 969 1815 uiuo,
986 1760 1014 1802 et
1033 1753 1144 1804 hibulem
1165 1755 1251 1804 insere

155 1841 221 1878 mos.
263 1829 378 1880 Quartus
405 1844 485 1894 equite
507 1832 534 1880 in
555 1833 688 1897 quadriga,
725 1826 856 1877 favillam!
878 1829 943 1878 libro
965 1829 1151 1880 v1.AEnetuos.
1180 1831 1250 1881 Vire-

154 1902 198 1950 rel
219 1908 262 1951 est
280 1901 374 1953 dexter
392 1901 495 1968 lunulis,
513 1908 534 1956 si
552 1922 567 1956 e
583 1908 688 1959 sinistre
724 1907 771 1952 itte.

155 1991 295 2026 numerere
311 1979 428 2044 incipies,
446 1982 487 2030 vel
504 1982 617 2043 sinister,
633 1985 685 2033 sie
757 1979 791 2027 El
810 1980 879 2027 11111111
893 1979 1069 2042 11111111111111]
1087 1979 1167 2044 Lege,
1184 1980 1252 2030 hene·

156 2051 254 2101 dextru
273 2054 381 2117 primum
404 2063 551 2119 computes.
584 2058 636 2107 Sed
659 2066 688 2108 nt
724 2053 994 2115 οἱωίὺᾱυειπανάἰ·
1027 2055 1251 2105 Voxnrior‘uu·

155 2125 257 2177 dietum
279 2136 329 2190 est,
345 2129 449 2180 sinister
469 2130 561 2182 friuolis
579 2133 686 2183 honore·
724 2127 806 2191 gnen’
831 2129 1041 2192 interpretationi
1063 2130 1147 2180 locum
1169 2131 1251 2180 dedit.

156 2203 217 2264 tior,
238 2203 298 2254 ideo
314 2206 410 2268 primus
428 2207 608 2258 numerandus.
642 2211 685 2261 Sic
723 2203 915 2253 Vindicifflfllss
947 2204 1061 2266 ’511130Ῑῆ
1087 2205 1251 2270 ῑῑῦἕῑῑὶηῑῧῦῑν

156 2287 264 2343 numus
281 2283 332 2330 erit
349 2280 441 2331 friuolis
457 2283 559 2333 dexter.
592 2285 687 2351 ltaque
724 2280 801 2341 tedis,
812 2281 879 2343 pice,
891 2281 1023 2344 sulphure,
1038 2283 1116 2332 cerel
1133 2284 1250 2332 Valerius

155 2357 177 2405 si
189 2357 284 2406 Castor
302 2365 420 2421 quartum
438 2373 532 2423 equum
547 2359 580 2409 ed
598 2359 686 2411 funem
724 2357 832 2405 Flaccus
854 2357 871 2404 l·
895 2371 931 2406 vl·
952 2356 1097 2420 Argontnt·
1138 2357 1250 2422 ‘Pingui

155 2431 202 2481 det
213 2431 377 2496 Phosphoro,
388 2433 485 2496 primus
504 2441 544 2483 est
556 2436 686 2498 quudrlgre
723 2429 781 2480 fluit
792 2431 903 2492 unguine
915 2432 1008 2480 tellus!

155 2508 334 2569 Phosphorus,
342 2508 461 2571 idemque
469 2509 686 2560 sinisterfunulis.
757 2507 806 2556 No.
818 2511 875 2555 254.
908 2511 922 2555 l
934 2507 1018 2570 Sitque
1028 2508 1076 2556 irin
1086 2506 1189 2571 quaein]
1199 2509 1251 2558 Ve-

154 2584 198 2634 sic
216 2584 311 2632 dexter
327 2585 353 2632 in
365 2583 429 2646 jugo
443 2584 568 2647 Pegasos,
584 2586 687 2635 sinister
725 2587 764 2630 ius
777 2582 859 2630 iiber:
877 2580 915 2629 Sit
930 2588 1011 2644 questo
1022 2585 1123 2646 querella
1141 2583 1251 2644 langier.

155 2658 246 2708 Arion.
283 2658 350 2708 Haeo
379 2667 438 2707 suut
459 2659 685 2711 indubitatissime.
725 2657 1131 2722 Nonvidemcanctligersibi
1150 2665 1249 2707 111111111-

154 2733 288 2795 Seriptum
306 2740 364 2781 eret
376 2734 452 2782 Fusio
469 2740 611 2795 uquarum
624 2737 686 2799 (imo
724 2731 783 2781 dum
795 2733 898 2781 duxerit
910 2733 935 2780 in
948 2733 1069 2794 ungine:
1080 2733 1148 2799 qnod
1161 2733 1251 2782 nihilo·

148 2807 290 2871 steinensi)
303 2823 348 2871 pro
362 2809 424 2857 Furi
435 2811 601 2871 uuquurtnm.
620 2811 685 2862 Inde
723 2809 814 2867 miuus,
834 2808 854 2855 si
874 2807 948 2855 uobis
969 2808 1106 2857 Eruditiss.
1130 2808 1250 2858 Heinsius

155 2885 200 2949 qui
220 2885 302 2933 reruni
320 2886 454 2933 consulere
471 2886 585 2946 volnere,
595 2886 628 2935 de
640 2902 686 2935 sno
723 2882 928 2931 emendatlonem
955 2895 1024 2930 11111111
1050 2882 1200 2945 probaverit
1224 2884 1251 2931 in

155 2957 323 3019 rddideruut,
333 2960 439 3007 anr'set
448 2962 479 3007 nd
488 2967 604 3021 onustum.
617 2962 686 3010 lline
724 2957 842 3018 Virgilio,
860 2957 915 3004 Ecl.
927 2970 966 3004 rr.
985 2957 1026 3007 ⁴0
1038 2958 1098 3005 ruihl
1111 2964 1162 3006 tam
1174 2959 1249 3021 longo

158 3043 260 3083 eertum
272 3041 322 3094 eet,
334 3035 512 3097 phosphorum
524 3043 551 3083 et
564 3036 686 3084 ciliorum
723 3039 827 3080 manent
844 3047 902 3094 pers
919 3033 1007 3080 ultime
1024 3033 1083 3081 vitoe
1095 3034 1205 3096 Spiritus
1223 3042 1251 3083 ot

156 3109 520 3160 rannessacermusoninm,
555 3112 687 3174 Ergope.
723 3115 847 3170 quantum
865 3114 905 3155 set
927 3108 976 3155 erit
1001 3116 1046 3156 tun
1066 3107 1153 3156 dicere
1170 3107 1252 3157 t'utel’

155 3184 491 3249 gesus,etArioujngules.
519 3186 594 3238 Quod
606 3190 686 3250 ipsum
724 3183 813 3245 procul
835 3182 912 3231 dubio
932 3182 1091 3231 retinendum
1112 3183 1171 3232 erit.
1204 3185 1252 3233 Est

155 3261 316 3323 expressisse
334 3259 443 3308 Poe'tern
465 3267 571 3323 poteret
587 3262 687 3325 aliquis,
725 3272 786 3307 seue
797 3257 826 3305 ri
838 3259 845 3284 ‘
855 3259 949 3321 louge’
966 3260 991 3307 in
1005 3258 1251 3322 Medioeo,oliisqoe

153 3336 286 3400 legendo:
306 3336 411 3398 Pegasus
422 3336 476 3385 hinc
486 3338 578 3399 dexter,
589 3344 687 3387 comest
724 3341 789 3383 vett·
801 3334 877 3383 codd·
910 3334 961 3383 Srd
979 3332 1067 3396 enixe,
1084 3334 1145 3398 quie
1160 3335 1185 3384 in
1202 3336 1251 3383 illle

145 3412 225 3472 jugo,
247 3412 319 3459 loenus
341 3411 423 3458 Arios.
458 3410 576 3474 Pegasus
595 3411 688 3461 dexter
723 3416 807 3459 oeete
823 3409 897 3458 nimie
913 3425 989 3474 quum
1007 3424 1077 3472 sepe
1093 3409 1252 3458 contundun-

153 3485 597 3547 etlaevusdrioujugelescurrent.
624 3485 688 3536 ‘Jn·
726 3491 776 3534 tnr.
810 3486 874 3536 Qum
890 3485 995 3534 Servius
1015 3484 1250 3546 notet,nilsilcerti

154 3560 687 3625 ge'projugolibns:loquutinipsstrs-
725 3558 843 3610 efferunt.
877 3561 925 3609 Est
952 3559 1040 3608 itidem
1065 3560 1180 3609 incertus
1208 3560 1251 3608 ille

152 3637 251 3686 letitie.
275 3635 375 3684 Solinus
386 3637 417 3683 ud
428 3635 543 3684 Selinous.
724 3650 821 3697 versus,
833 3635 875 3698 qni
885 3635 981 3697 legitur
992 3636 1017 3682 iu
1030 3636 1107 3683 tertio
1116 3633 1249 3683 AEneidos:

190 3711 344 3761 Fexisetud
359 3709 479 3772 mertum]
499 3711 630 3773 Quidquid
648 3725 688 3760 re·
724 3709 841 3774 ‘Accipe
861 3718 888 3759 et
906 3711 971 3772 hezo,
991 3726 1109 3760 munuum
1129 3711 1177 3760 tibi
1193 3726 1250 3773 qrrae

154 3784 353 3852 pugnetdrdrv
369 3784 400 3833 ed
417 3786 531 3833 Solinurn
552 3801 609 3848 pug.
631 3791 687 3834 899.
724 3791 886 3835 monumento
909 3800 1022 3834 mearum
1044 3787 1110 3847 Sint,
1134 3800 1206 3849 puer,
1223 3792 1251 3832 et

153 3877 219 3913 veru
239 3863 318 3910 lectio
337 3868 393 3910 est:
412 3862 497 3909 nevos
517 3861 593 3909 Arion
615 3862 688 3910 Funis
724 3863 829 3923 longum
842 3860 1020 3909 Andromedes
1038 3867 1167 3909 testentur
1183 3872 1250 3906 emo-

152 3943 204 3987 eet.
241 3937 408 3991 ertumdet
428 3936 472 3983 tihi
493 3937 579 3983 Castor
597 3950 687 3998 equum.
724 3936 797 3985 rem!
840 3933 881 3983 Au
904 3949 979 3998 quem
1002 3935 1119 3983 Servius:
1145 3933 1196 3979 ‘Et
1218 3930 1251 3977 de

153 4013 206 4064 Est
232 4011 267 4058 ibi
295 4012 391 4072 legere,
414 4010 633 4058 honoratissimum
662 4010 687 4058 iu
726 4009 868 4072 praeterito,
880 4008 949 4057 etde
961 4007 1064 4056 futuro:
1082 4014 1111 4054 ut
1127 4018 1251 4066 agnosces

152 4086 285 4152 quadrigis
309 4085 391 4134 locum
415 4099 446 4132 ex
472 4085 590 4132 instituto
618 4083 688 4132 Circi
725 4091 847 4149 quantum
865 4092 890 4132 te
910 4084 950 4132 vel
966 4082 1116 4138 emereriru,
1131 4079 1253 4127 velemu-

152 4162 236 4212 t'uisse
249 4162 344 4224 jugalis
361 4160 465 4210 sinistri.
499 4161 555 4223 Ego
571 4166 644 4210 certe
661 4158 687 4207 id
726 4160 852 4208 turesim.
885 4157 979 4207 Potest
996 4165 1024 4205 et
1042 4153 1251 4218 prodiueceipi!
