2804 4764
232 322 318 389 1270
580 332 689 382 noun
715 327 914 381 vsaronuu
941 333 977 380 ru

234 489 277 531 tur
293 477 401 528 desidias
417 488 534 535 onersrs,
546 475 678 541 querulus
690 480 761 525 tenc·
796 473 923 537 penetrsli
939 471 1045 522 flumine
1061 472 1146 536 pisces
1156 471 1173 521 l'

233 563 307 606 retur
318 555 426 616 Pontus,
438 553 487 602 nisi
499 553 525 602 in
542 560 659 614 tempore
670 562 761 599 occur·
828 550 844 596 ⁸
861 549 912 597 ser
921 562 1017 612 compca
1027 548 1108 599 salter
1119 549 1215 612 suro]
1229 550 1328 602 ‘Seru-

236 639 316 681 ηηι,
738 665 744 672 .
797 635 858 686 psas
874 624 1102 688 speluucss'dixit
1115 625 1241 689 Virgilius
1252 641 1329 677 versu

267 712 299 758 12
318 707 361 757 Vel
371 707 451 768 soloas
466 701 531 766 lites]
546 701 762 752 Declamatioues.
797 700 973 753 ducentesimo
985 710 1012 753 et
1023 703 1155 752 tricesimo
1166 711 1262 755 octavo
1273 719 1329 754 ser·

238 781 346 834 Verum
798 779 818 827 ti
831 778 960 829 AEnsidos.
980 779 1086 829 Veserm.

271 860 314 911 Vel
326 858 405 919 falsor
419 854 485 918 tuo]
501 854 573 904 licre
596 852 665 902 enim
688 858 763 901 ersnt
829 860 844 903 ⁵
862 856 923 911 Quo
941 856 1040 904 dedecor
1054 854 1266 917 elgo1⁴llecor’
1284 855 1328 905 ed·

236 935 379 986 certamino
396 931 545 991 Rhetorica,
563 935 592 978 ut
613 927 762 977 Priscianus
794 930 893 994 jectire
900 930 1037 995 aliquando
1049 938 1201 994 usurpatum
1210 929 1272 992 suit,
1281 944 1328 993 pru

237 1012 283 1070 sit,
295 1009 362 1058 unde
384 1016 411 1055 et
429 1004 560 1065 rudem
577 1003 658 1066 dictu,
673 1009 700 1052 st
715 1001 761 1066 fig·
799 1005 928 1053 ‘decorus
939 1005 963 1053 ι’
980 1012 1009 1054 ut
1023 1004 1108 1067 po'e'tae
1121 1006 1207 1055 Narii
1218 1008 1328 1055 unctori-

236 1089 325 1133 neoto
345 1081 541 1143 Soplristsrum3
570 1078 632 1128 item
654 1078 762 1127 Auctori
800 1087 856 1130 tute
876 1081 970 1144 probat
988 1081 1137 1132 Priscianus
1151 1083 1219 1132 libro
1237 1092 1327 1133 sexto:

236 1158 344 1221 Dialogl
370 1156 402 1205 de
430 1155 543 1204 Oratore
581 1161 673 1218 argute
698 1169 763 1204 sans
800 1156 995 1221 ‘Magnumque
1016 1156 1128 1219 domum,
1146 1156 1328 1223 decoremque,

235 1237 344 1286 ‘acreum
353 1232 587 1295 Scholmticorum,'
598 1240 625 1282 et
636 1231 764 1293 Eunodio,
800 1231 930 1296 ditemque
945 1232 1108 1281 Veaarsuta'
1123 1240 1150 1282 et
1167 1233 1284 1284 Sallustii
1295 1248 1327 1282 ex

237 1313 245 1340 ‘
255 1310 358 1360 dicendi
368 1309 522 1360 simulacra!
539 1309 570 1359 Α.
583 1309 700 1359 Gellius‘
711 1309 763 1357 De·
799 1315 893 1371 quarto
904 1307 1093 1357 Historiarum:
1108 1309 1116 1336 ‘
1127 1309 1207 1370 Equis
1215 1316 1243 1358 et
1252 1312 1327 1359 urnis

238 1398 328 1436 cursus
339 1385 461 1435 ludicros’
475 1386 590 1446 rocsslt,
601 1392 628 1435 et
642 1384 764 1434 ‘simula·
800 1381 937 1432 decoribus
957 1382 1061 1432 cultus!
1090 1383 1158 1434 lliuc
1177 1384 1231 1433 duo
1242 1386 1328 1449 adjec-

237 1476 283 1512 crs
292 1461 440 1525 praeliorum
449 1460 612 1525 voluptaris!
646 1459 764 1523 Remip·
800 1458 853 1508 tire
880 1458 981 1521 generis
1009 1459 1151 1509 communis
1172 1461 1327 1524 compositu,

237 1536 367 1587 ssurmire
385 1536 414 1584 S.
426 1536 539 1585 Basilius
553 1535 638 1585 serbis
655 1535 706 1585 illis
722 1549 765 1583 ex·
799 1531 937 1583 ‘indecor‘
961 1542 990 1583 et
1016 1533 1177 1597 ‘dedecor,'
1203 1544 1327 1586 memorat

237 1615 324 1679 posuit
345 1615 391 1665 lib.
411 1629 442 1665 ιι.
469 1622 560 1666 contre
579 1616 686 1665 Fanum.
707 1612 765 1677 πρὸς
801 1609 869 1658 idem
891 1609 1041 1658 Priscianus
1067 1611 1134 1658 libro
1155 1611 1272 1674 quincto.
1304 1612 1327 1661 Α

236 1689 380 1755 mnndpoor
397 1689 553 1753 reudxurpl
570 1691 715 1755 ὑφιπῢιιιι,
726 1688 765 1738 rol
799 1701 906 1751 quorum
920 1687 1034 1749 priore,‘
1046 1686 1216 1747 indecorum,'
1231 1697 1258 1737 et
1273 1689 1329 1737 ‘in-

237 1765 420 1831 drultuylurplr
435 1765 577 1831 omem
593 1767 620 1816 od
635 1765 765 1830 opoppqert-
800 1760 921 1810 decores'
939 1762 1024 1810 multis
1044 1761 1107 1810 locis
1124 1764 1261 1824 usurparit
1271 1763 1328 1812 Vir·

236 1858 291 1905 w,
302 1842 340 1892 rol
352 1842 426 1904 λόγος
441 1841 497 1907 rplr
508 1843 620 1893 truands
629 1841 685 1892 rods
698 1841 764 1891 oldo-
800 1836 885 1901 gilius,
896 1845 925 1886 ut
943 1835 1079 1886 undecimo
1092 1836 1230 1885 AEneidos:
1247 1838 1256 1866 ‘
1269 1838 1327 1887 Nou

238 1920 450 1982 μοΰφισομινυυς.
484 1920 611 1970 Gounles
622 1919 656 1968 ds
667 1920 750 1968 Sslsr.
801 1922 887 1962 tumen
905 1912 1054 1962 indecorem
1072 1920 1117 1960 tus
1136 1919 1163 1961 te
1183 1913 1271 1976 regius
1289 1927 1327 1962 re-

270 1999 301 2045 u
319 1996 606 2059 nummatum.
639 1996 685 2058 fija
700 1994 765 2044 Veto.
800 1986 918 2052 linquet,’
937 1995 965 2036 et
981 1987 1109 2049 septimo:
1130 1986 1214 2039 ‘Nou
1233 1987 1328 2037 erilem

242 2069 599 2134 Vuoortootummtoou]
631 2069 764 2119 lratrrltiu
801 2077 880 2128 regno
897 2063 1052 2112 indecores!
1092 2063 1125 2112 lu
1147 2065 1328 2127 querulorum

238 2143 363 2195 liliano:
404 2145 479 2209 cujus
505 2145 610 2194 distichi
638 2144 765 2208 posterior
802 2139 905 2188 dubitat
929 2145 1004 2187 vetus
1024 2144 1221 2203 commentetur,
1242 2141 1328 2188 ausit

239 2232 307 2268 vers.
319 2219 444 2269 iambicus
457 2221 570 2268 senarius
586 2225 636 2280 est,
647 2232 698 2267 uns
710 2225 765 2268 tun·
801 2215 868 2263 ullus
881 2214 1049 2263 nominstivnr
1068 2214 1206 2277 singularis
1222 2214 1327 2266 lstorun

238 2299 292 2342 tum
303 2302 402 2344 mutata
410 2294 520 2359 syllaba,
529 2296 556 2344 in
565 2295 684 2359 Epistols
692 2294 765 2358 quin·
801 2288 979 2352 obliquorum:
998 2302 1076 2351 quum
1085 2286 1150 2337 duos
1161 2289 1328 2349 inveniamus,

239 2366 368 2418 tudeeima
379 2368 578 2419 ud'l'etrsdluus.
612 2369 703 2419 ‘Vale
715 2369 765 2417 Vs·
802 2363 937 2412 ‘indecor’
952 2363 1021 2426 apud
1038 2363 1209 2429 rusciorum,
1218 2367 1256 2415 uti
1267 2365 1328 2428 dini,

240 2442 294 2491 lere
316 2443 337 2491 sl
356 2444 428 2492 roles
447 2457 499 2503 me,
516 2444 622 2506 pervola
632 2442 649 2492 ι’
675 2442 766 2492 sedin
802 2437 1079 2502 et‘iudecorls'spud
1092 2439 1204 2489 Nouium
1222 2441 1329 2490 Mareel-

240 2525 422 2568 extremaxsr.
455 2519 767 2570 ‘Vals.Vslersslroles
801 2517 871 2566 lum:
888 2516 961 2579 cujus
973 2516 1109 2580 subjiciam
1119 2518 1206 2567 verbs.
1233 2517 1328 2567 ‘lude-

240 2607 291 2654 rne‚
299 2594 439 2657 jemreui!
458 2595 510 2644 Vis.
802 2590 1105 2656 coris‚’pro¹indecora.'
1129 2591 1242 2642 ‘Accius
1251 2593 1328 2642 lltlrs·

273 2670 325 2720 No.
337 2672 393 2719 tes.
419 2675 431 2719 l
450 2669 580 2733 Nouum]
597 2670 726 2733 Nepotes,
738 2679 767 2721 ut
804 2676 905 2717 munte:
924 2667 1005 2731 Cujus
1015 2667 1049 2716 sit
1058 2667 1111 2715 vita
1120 2666 1258 2729 indecoris,
1266 2682 1329 2717 mor·

240 2751 281 2793 est
306 2745 375 2808 upnd
399 2746 513 2806 Festum,
540 2746 676 2795 luxuriose
705 2747 766 2796 vitre
803 2750 855 2792 tem
874 2743 965 2805 fugere
988 2750 1090 2805 turpem
1108 2742 1176 2791 houd
1193 2742 1331 2792 conuenit!

240 2821 356 2871 homiues
373 2822 515 2886 uppelluti:
536 2822 628 2886 quibus
647 2836 697 2871 uon
714 2837 766 2871 ms·
803 2820 846 2869 Sic
858 2821 925 2868 euim
945 2819 981 2867 ibi
1000 2819 1064 2880 legit
1082 2812 1213 2867 Hinrlcus
1224 2819 1329 2882 Stepha-

241 2884 406 2961 glseurreslt
422 2912 464 2948 res
480 2911 525 2947 sus
540 2896 766 2963 familiario,quam
803 2910 859 2944 nris.
885 2892 1041 2943 ‘Dedecor'
1066 2907 1127 2942 rsro
1146 2907 1196 2943 nec
1216 2893 1278 2943 alibi
1296 2896 1329 2943 lc·

153 2974 157 2983 '
242 2974 284 3035 lis,
315 2976 407 3039 quibus
428 2989 490 3025 urus
519 2981 646 3039 paterque
670 2975 767 3025 visunt.
802 2985 863 3034 gere
876 2971 990 3030 memini,
1007 2983 1083 3034 quum
1102 2968 1170 3032 apud
1184 2969 1331 3029 Ausonium,

242 3048 301 3098 Huc
310 3049 501 3113 significatione
513 3050 680 3113 lrlcsccipere
692 3064 767 3113 opor·
803 3058 830 3097 et
841 3049 1014 3109 Prisciauum,
1034 3061 1081 3096 uec
1102 3047 1134 3096 ab
1150 3061 1182 3097 eo
1193 3048 1329 3112 quicquam

242 3130 289 3185 tet,
300 3130 329 3170 nt
346 3132 373 3172 et
383 3124 451 3186 spud
463 3124 573 3173 Plinium
585 3124 650 3172 libro
668 3125 766 3174 tricesi·
803 3121 940 3184 deflexum,
948 3130 1044 3185 prater
1053 3122 1153 3184 plurale
1162 3121 1171 3147 ‘
1180 3120 1332 3171 dedecores’

242 3210 286 3245 mo
302 3197 416 3245 secundo
437 3197 470 3246 de
487 3199 595 3247 ostreis:
620 3200 695 3249 ‘Nec
716 3213 766 3248 nou
803 3200 828 3247 in
839 3199 878 3246 luis
889 3199 1004 3247 Sallustii
1021 3198 1182 3246 aPrisclsno
1194 3197 1326 3247 adductis:

243 3270 312 3318 iuter
330 3284 375 3318 nos
391 3271 493 3333 nepotis
510 3272 644 3334 cujmdem
661 3288 767 3324 nomeu·
802 3273 974 3322 ‘Dedecores
986 3273 1111 3336 multique
1123 3280 1197 3336 terga
1208 3273 1241 3322 alr
1253 3275 1328 3323 iscoti-

242 3345 324 3393 clstor
335 3344 444 3407 rpllurrro
454 3346 604 3409 sppellnvit,
624 3355 704 3398 tautae
716 3364 767 3397 um·
802 3347 850 3398 bus
867 3348 1060 3397 caedebantur?
1077 3349 1147 3398 etin
1164 3357 1269 3399 vetusto
1285 3352 1330 3400 Lu·

242 3419 376 3481 plitudinis
400 3421 512 3483 intelligi
533 3423 648 3484 cupiens,
679 3435 707 3474 ut
728 3434 768 3474 ter
805 3424 966 3472 tino-Graeco
986 3424 1124 3487 glossario:
1151 3425 1195 3475 ubi
1213 3425 1329 3475 subetau·

242 3492 384 3542 mordenda
394 3494 497 3544 esseut)
519 3496 624 3546 Visetur.
805 3499 884 3548 tivum
896 3500 903 3525 ‘
916 3499 1011 3558 decor,’
1022 3499 1118 3562 rptnou
1127 3500 1329 3563 interpretatum

273 3573 290 3616 Ξ
309 3569 453 3632 Disersoqas
464 3570 536 3617 morio
543 3571 632 3631 defosso
642 3574 769 3638 prm‘rudo]
806 3575 958 3639 adjectivum
968 3577 1029 3624 illud
1037 3578 1146 3640 simplex
1156 3579 1257 3640 plursle
1267 3581 1275 3608 ‘
1286 3578 1327 3626 de·

242 3641 358 3707 Reposui
370 3646 509 3707 exoptimo
520 3645 703 3707 librcdeseuro:
720 3663 767 3699 nec
806 3652 898 3711 cores,'
920 3653 1048 3715 edrpereir:
1074 3653 1250 3703 ‘dedecores'
1269 3655 1332 3717 ἄειρε·

242 3720 440 3783 scrutiniorum,
453 3722 501 3771 uisi
509 3723 566 3786 ipsa
567 3723 688 3786 jussisset
701 3727 768 3775 ratio
805 3731 866 3790 retr,
878 3727 984 3788 duoopor.
1002 3730 1076 3777 Idem.

243 3797 381 3849 etAnsouii
390 3811 470 3858 meus,
479 3811 553 3860 quum
562 3799 636 3848 simili
645 3814 703 3849 mox
710 3816 766 3851 ver·
837 3807 852 3852 7
871 3805 931 3860 Quo
943 3808 1031 3852 metato
1043 3803 1102 3864 loco]
1118 3802 1160 3852 lta
1175 3819 1252 3867 posse
1269 3805 1332 3868 sugi-

243 3890 273 3925 su
286 3875 380 3925 clarius
391 3875 540 3938 expressit:
568 3879 575 3902 ⁸
590 3875 645 3926 Aut
654 3876 767 3928 Eburum
805 3879 861 3928 uari
880 3877 1002 3927 ‘ostrea'
1025 3877 1171 3939 AEtlriopum
1188 3878 1332 3941 exemplum

243 3953 334 4002 mistus
355 3952 445 4016 pelago
461 3965 519 4014 quas
539 3952 653 4015 protegit
669 3954 768 4002 aronio!
805 3959 845 4001 est
865 3953 933 4014 apud
949 3952 1082 4012 Photium,
1098 3966 1128 3999 ex
1141 3953 1332 4015 Agatharchidc

242 4028 295 4077 Sed
308 4036 335 4077 et
345 4028 472 4091 geminum
483 4027 541 4075 huic
560 4027 642 4076 locum
652 4029 766 4078 invenias
805 4041 864 4090 pag.
877 4030 950 4075 1345.
964 4026 1005 4075 ubi
1023 4026 1109 4088 colligi
1127 4027 1159 4075 ab
1180 4029 1210 4076 iis
1223 4031 1332 4079 conches

244 4101 270 4150 in
293 4104 421 4153 Mosella:
454 4101 532 4152 ‘lieu
559 4104 625 4152 male
647 4104 767 4154 defensos
806 4103 894 4165 refert,
915 4117 1009 4165 essque
1031 4104 1130 4152 receuti
1150 4105 1218 4168 ulgu,
1240 4115 1268 4157 ct
1286 4108 1333 4170 pis·
