2804 4764
445 320 598 370 suenoni
621 321 840 372 surrenrns.
1101 309 1190 378 104³

90 462 189 514 deinde
208 460 305 512 infert:
322 460 400 512 ‘dise
421 461 540 526 legale,
561 463 623 513 Sise
660 477 691 514 so
719 465 883 515 demeretur:
908 480 953 516 eos
979 482 1050 532 rero,
1074 469 1117 533 qui
1136 470 1187 521 siisi

91 538 208 603 regrum
228 544 305 600 potes
328 537 451 587 csruiue
471 553 529 603 qne
551 538 623 588 dedi·
660 541 719 590 solie
744 556 836 605 supere
871 543 1000 602 videntur,
1026 559 1186 610 quorumque

90 619 170 664 sisne.¹
189 613 298 663 Terent.
310 611 336 661 in
348 612 480 664 Heauton.
500 614 623 678 ‘Etcop
660 615 772 665 eruditio
794 617 888 666 vertite
906 625 957 680 ert,
982 619 1068 668 hostes
1089 620 1186 671 reddit.

89 689 214 739 noscendi
226 696 253 738 et
272 688 422 752 ignoscendi
439 688 545 741 debitur
564 705 624 755 pen·
659 693 792 743 demersisse.

90 765 249 818 cstiioens!
266 768 366 816 Aeosrr.
690 769 822 818 'll’ostess
840 767 895 832 ego]
922 769 1055 820 Libentius
1083 770 1185 822 scribor

114 841 539 906 [pessundeffloneognoseends.
559 844 622 893 Per·
659 857 758 906 possset.
791 843 840 892 Vei
852 843 962 907 eoquod
979 844 1113 908 requitur:
1131 847 1186 896 ‘Et

90 919 226 968 ononsseiu
244 926 332 967 erstem
343 925 371 967 et
384 916 475 982 σαρίσῃ
485 918 553 968 ludit
568 917 622 968 An·
660 933 762 983 porsum
777 919 880 970 modies
891 919 967 969 leode
987 920 1094 983 plsoere
1104 921 1185 971 milri?

91 994 180 1043 mins
188 993 215 1041 in
227 994 275 1053 iris,
285 995 293 1022 ‘
302 993 478 1058 ignoscendo(
494 995 621 1058 ‘cognom
659 995 735 1044 Idem.

90 1069 201 1120 nendsr'
217 1071 286 1119 sicut
301 1077 330 1120 et
345 1071 370 1120 iu
388 1070 560 1121 illiseennodo
571 1071 622 1120 dis·
691 1074 722 1119 12
732 1065 829 1119 'Censor
838 1069 1003 1133 Arisiorelsss]
1028 1069 1081 1119 ilie
1093 1070 1185 1121 Grsu·

91 1146 171 1204 tieiro,
188 1144 334 1209 'legendum'
349 1146 497 1210 ‘tegendnl
513 1153 542 1197 et
561 1148 621 1198 nlti-
658 1145 765 1194 metiens
776 1142 843 1193 soit:
861 1144 933 1207 enjus
944 1144 1056 1194 Veteres
1068 1146 1135 1195 tenti
1144 1144 1184 1196 fe.-

91 1237 132 1271 sno
144 1230 309 1287 pentametro
321 1224 472 1287 ‘placeam'
487 1226 621 1276 ‘teneam'
657 1230 749 1271 eeruut
762 1220 901 1284 judicium,
920 1226 950 1269 nt
960 1235 1035 1285 qoem
1055 1235 1106 1271 non
1125 1237 1185 1287 pro·

95 1298 177 1348 Visst.
218 1323 223 1332 ·
612 1335 615 1339 .
657 1296 742 1360 beret,
765 1296 873 1345 Homeri
900 1310 1003 1346 serrum
1023 1310 1074 1346 uon
1093 1297 1184 1350 erede·

121 1374 280 1437 maredo]
297 1372 424 1435 Apuleius
434 1373 460 1424 in
473 1374 619 1440 Apologisr
656 1378 722 1422 rent.
755 1371 797 1421 Ite
815 1373 915 1434 cinero,
929 1372 1032 1435 Suidss,
1053 1374 1185 1427 Emeruos.

87 1449 190 1513 ‘idque
210 1462 255 1498 eon
271 1449 393 1512 srbitror,
408 1453 619 1514 nontumipuos·
656 1447 808 1499 Samothrnx
835 1448 900 1512 fuit;
930 1449 1094 1501 Aiexendrisr
1121 1467 1183 1502 vere

90 1523 175 1586 nendi,
185 1537 263 1589 quem
271 1525 442 1588 cognoscendi
449 1540 542 1577 cenoso
551 1528 619 1579 desi·
656 1522 745 1573 docuit
763 1539 821 1575 cnm
833 1526 907 1583 elios,
929 1533 983 1576 tom
1005 1527 1074 1590 regis
1093 1527 1184 1578 Ptole·

92 1599 204 1650 dersrs!
656 1600 715 1649 maei
725 1601 799 1662 renti,
807 1600 833 1649 id
842 1608 892 1663 est,
903 1601 1083 1652 Philometoris
1093 1602 1185 1666 tilium,

119 1680 137 1724 1
153 1675 264 1737 Auente,
273 1675 389 1739 Drepani,
405 1677 501 1740 perlege
511 1677 620 1744 jndicio]
656 1675 760 1724 circiter
768 1690 801 1724 es
808 1677 1182 1741 temporn,quibusdeeessisse

92 1753 196 1802 liutet
206 1753 387 1803 hrinll‘neetl
403 1754 528 1817 Drepnuii
542 1770 620 1819 pnoe-
655 1751 805 1800 Terentium
817 1751 843 1800 in
856 1752 960 1801 Eusebii
972 1752 1104 1803 chronicis
1118 1754 1183 1818 lepl-

89 1827 199 1891 gyriene
218 1826 251 1875 nd
272 1827 441 1878 'l’oeodosinm
463 1829 618 1895 Augurinum,
656 1840 721 1875 mne.
733 1825 881 1876 zenodotus
890 1841 952 1876 rero
961 1828 1086 1891 Ephesios
1094 1828 1184 1891 poete,

89 1903 213 1963 omnium,
230 1916 296 1967 quon
310 1903 335 1952 in
353 1918 385 1953 eo
396 1918 490 1969 genere
501 1907 620 1969 perlege.
655 1908 684 1950 et
695 1901 894 1963 Grsmmsticus,
910 1902 1020 1951 Philet·
1032 1902 1182 1967 discipulos,

87 1979 368 2042 rin,elegsntirsimos.
394 1981 496 2031 Etcum
505 1996 556 2030 non
567 1983 619 2031 ine·
656 1977 792 2026 Ptolemei
812 1977 888 2040 primi
911 1976 1184 2041 temperandorum

86 2069 169 2116 reem,
191 2056 258 2106 hune
284 2056 356 2106 illum
378 2071 435 2107 esse
455 2059 618 2122 Drepanium
656 2052 708 2102 Hic
719 2053 814 2116 primns
826 2052 933 2102 Homeri
945 2052 1043 2116 enripts
1059 2066 1183 2117 renogno·

88 2131 228 2193 Proetum,
259 2131 333 2195 enjus
360 2132 469 2196 judicio,
496 2140 619 2199 tanusm
656 2130 701 2179 vit.
746 2128 857 2180 Praeinit
880 2128 1057 2193 Bibliotheeis,
1073 2144 1131 2196 qne
1153 2131 1180 2181 in

87 2207 210 2257 Censoris
222 2207 382 2271 Doctinimi,
397 2208 499 2257 Lndnm
510 2209 616 2271 sepien-
655 2206 719 2256 urbe
730 2204 890 2256 Alexandria
901 2212 985 2269 erent,
998 2212 1029 2256 et
1044 2206 1182 2258 Ptolemel

88 2291 145 2334 ton
179 2280 397 2346 cognoscendum,
427 2284 617 2350 limandumque
654 2280 720 2331 iiiios
731 2282 855 2332 erudivit.
871 2282 915 2332 Sic
926 2280 1029 2332 Snldns.
1049 2281 1158 2331 Visetur.

87 2357 194 2408 dederit
210 2358 348 2420 duronius,
359 2357 389 2408 fit
405 2367 434 2408 ut
447 2369 547 2424 putem,
558 2361 618 2411 irino
688 2362 718 2408 1⁸
735 2358 873 2422 θμνίοτκω
882 2358 1093 2422 riigssutoootsss]
1110 2359 1182 2420 aely-

86 2433 260 2495 snbnonitns,
275 2433 458 2498 panegyricum
474 2436 555 2498 lpsnur
572 2435 617 2485 de·
652 2434 817 2497 porqeigrsm
835 2433 1129 2484 notescsrminumoon
1144 2434 1180 2484 le·
1284 2442 1287 2447 '

86 2517 195 2574 prestio
217 2524 267 2558 uns
284 2515 382 2558 tentum
399 2510 486 2560 littere
503 2511 617 2560 sotirorio
654 2509 801 2572 gitimornm
811 2516 839 2559 et
851 2507 984 2559 bonorum.
1001 2504 1075 2559 ldesss.
1127 2533 1129 2537 v

87 2585 127 2632 sol
147 2584 250 2633 nomine
273 2598 341 2634 nnuc
360 2586 476 2648 intelligi.
509 2587 617 2650 Drepani
686 2590 717 2635 ln
737 2586 768 2634 El
787 2591 892 2635 comerio
910 2584 999 2647 rengis]
1013 2585 1180 2636 Terentianus

86 2660 187 2709 scilieet
204 2674 250 2722 pro
263 2661 389 2722 Dreponii.
423 2661 616 2722 Nemeturii
653 2660 686 2711 de
697 2661 941 2725 Syllabisz‘sierins
952 2675 997 2710 ros
1006 2660 1180 2724 penditeisre,

88 2737 145 2799 jem
161 2734 285 2797 diximus,
302 2737 328 2784 in
344 2736 427 2786 Pross
444 2752 544 2802 quoqne
560 2753 616 2788 orn·
654 2751 729 2800 qoem
741 2737 860 2800 malignis
870 2737 947 2786 morie
960 2744 1008 2785 est.
1042 2735 1180 2785 Hoedomi

87 2814 168 2872 tione,
202 2813 309 2872 Drepani
340 2813 469 2875 eerlpsere
497 2814 617 2885 Veteres,
654 2813 768 2861 clsusum
793 2811 916 2872 monebit,
936 2825 984 2859 nec
1002 2809 1083 2859 sinum
1109 2810 1181 2860 nerei

87 2887 252 2949 Drepanium
263 2886 447 2950 significantes.
482 2889 557 2939 Nunc
572 2906 616 2940 nu·
655 2886 734 2950 prius,
758 2886 912 2949 Sornpoium
931 2898 1008 2948 quom
1030 2893 1118 2934 restro
1135 2885 1179 2935 de·

85 2970 139 3013 iem
149 2964 174 3012 ni
186 2963 313 3025 Drepanii
322 2965 446 3028 reriptnm
455 2963 542 3028 fuerit,
551 2967 616 3017 Dre-
654 2971 708 3012 met
720 2962 788 3011 hune
799 2961 859 3009 milri
870 2961 1006 3010 sententie.
1022 2959 1179 3024 corrigendo

85 3053 179 3101 psnns,
197 3052 247 3087 non
261 3039 421 3101 Drepnnine,
438 3039 540 3102 publice
556 3055 617 3090 eou-
654 3040 677 3087 ei
697 3053 749 3102 qus
768 3051 829 3086 sene
848 3036 904 3086 vise
922 3035 995 3085 vobis
1014 3035 1074 3084 irinc
1093 3042 1179 3097 erunt,

85 3113 233 3175 suetudine,
251 3114 423 3177 significetur.
452 3117 538 3165 Mults
558 3131 617 3166 con·
655 3116 715 3164 Non
728 3128 773 3163 ero
784 3113 1178 3176 otolterepogusus‚nntemens

84 3196 205 3249 nonunt,
225 3190 283 3253 quie
300 3192 447 3254 conjiciam,
459 3192 615 3256 Drepanium
654 3203 734 3253 prere
751 3201 816 3237 mes.
851 3187 921 3239 Quin
940 3187 1029 3236 stetim
1049 3185 1178 3249 oulpsuds

85 3276 145 3313 esse
162 3265 239 3326 innuo,
255 3270 284 3313 et
299 3265 414 3314 Ausonio
425 3267 615 3316 amicissimum.
654 3264 742 3314 delens
753 3263 882 3326 preebeum
892 3260 1082 3311 reerlrlooom:
1098 3260 1175 3310 Hand

86 3338 462 3400 Temporumridelicetmtio.
497 3341 615 3406 Uterque
653 3338 873 3388 moitumdireros
886 3335 1112 3387 Horetinsiuflne
1127 3337 1178 3386 lir-

87 3413 157 3461 eoim
180 3412 324 3462 Theodosio
344 3414 506 3478 Imperatore
528 3417 616 3480 riguit.
655 3413 825 3465 tiePodticae.

87 3488 165 3540 Quod
188 3490 274 3552 pstrie
291 3490 421 3554 utriusque
437 3491 533 3552 Gellio,
545 3492 615 3556 quod
687 3495 716 3539 17
730 3491 824 3540 intereo
833 3489 940 3553 arbitris]
956 3488 1021 3538 Aliis
1033 3489 1176 3549 urbinen-

85 3573 198 3628 uterque
220 3565 308 3614 Romre
331 3579 434 3614 munere
456 3567 616 3629 perfunctus.
653 3565 712 3615 dem
721 3572 806 3615 tsmen
818 3580 903 3626 seusu,
918 3564 1042 3628 Pspinins
1052 3562 1177 3627 prael'ntne

84 3642 164 3690 Alter
173 3641 296 3704 siquidem
309 3641 412 3703 consui,
423 3644 490 3691 niter
501 3644 614 3692 Procou·
653 3648 704 3702 est,
715 3641 756 3691 iib.
768 3655 799 3690 rs.
811 3643 911 3706 Sylsor.
925 3641 933 3668 ‘
944 3641 1011 3690 Hree
1021 3641 1176 3705 queiineurn·

84 3716 125 3765 esl
139 3714 203 3764 init:
221 3715 291 3779 qnid,
307 3716 376 3779 quod
388 3718 489 3765 nomine
505 3724 614 3781 uterque
654 3729 705 3781 qne
723 3725 791 3780 sunt,
811 3717 906 3765 Melior
923 3716 1078 3772 charissime,
1096 3717 1117 3764 si
1129 3715 1178 3763 tibi

85 3788 155 3839 ltnio
182 3798 290 3839 rocetos
316 3793 374 3839 eet?
407 3792 526 3841 Eruditio
552 3808 614 3843 vero
654 3806 704 3841 nou
723 3792 913 3856 displicuerint,
930 3792 1178 3856 etepubiinnmne·

85 3866 221 3931 utriusque
234 3873 317 3927 tento,
329 3873 358 3915 nt
367 3866 400 3915 de
408 3868 502 3930 lingum
519 3868 613 3918 doetri-
654 3871 769 3933 eipinnt:
786 3872 825 3920 sin
836 3872 929 3934 minus,
940 3870 972 3919 ed
988 3886 1029 3919 me
1045 3875 1178 3918 reverten-

85 3942 312 4007 nsrnrnquecultu
326 3945 614 4008 omremnomiuisple·
655 3944 712 3994 tun'
754 3945 852 3995 Noster
877 3945 1037 3996 Prresotione
1064 3941 1176 3993 Centonl

83 4019 159 4081 rique
167 4018 381 4080 interpretentur.
397 4018 552 4082 Hujuemodi
560 4034 614 4069 eer-
652 4018 768 4084 prefixa,
776 4019 846 4069 circe
856 4021 932 4069 finem
942 4034 949 4066 r
961 4024 968 4048 ⁸
981 4020 1046 4071 Qum
1059 4019 1081 4066 ui
1092 4017 1177 4065 omnis

83 4092 614 4156 teritosstudiorumqnepuritnsdoctissi·
651 4095 688 4143 ite
706 4095 752 4144 tibi
776 4094 941 4154 videbuntur,
965 4101 993 4141 nt
1015 4097 1176 4155 preceptum

83 4182 140 4218 mos
159 4176 240 4233 elque
261 4168 454 4219 hwouisrimos
481 4170 612 4232 conridet,
651 4177 700 4235 est,
710 4171 782 4220 dions
791 4184 832 4218 me
840 4168 1012 4231 composuisse
1022 4166 1174 4218 Centonem.
