2804 4764
475 319 629 372 ausonii
656 318 921 370 rnorussonns.
1179 303 1249 370 97-1.

151 474 222 512 eere.
237 461 609 525 'l'enporaastemtyrsnniea
617 473 683 509 sera·
720 459 834 521 sliasqne
857 457 983 521 ejusmodi
1005 457 1114 520 suscipit
1134 457 1243 521 Delphi·

152 550 199 600 per
215 535 285 599 apoll
298 537 440 586 Antoninus
458 536 638 598 intelliguntur
648 534 683 582 de
719 532 786 592 dius,
804 534 942 581 multorum
957 534 1129 594 potentiorum
1142 533 1200 581 odia
1216 533 1243 581 in

153 612 265 675 inperio
275 612 385 661 Maximi
396 612 509 674 tyranni,
524 611 567 674 qni
578 610 682 659 Gratia·
718 621 746 656 se
755 607 909 656 coneitsrit:
927 606 971 670 qni
982 607 1029 654 ulti
1040 612 1107 655 sunt.
1135 606 1209 655 iden.

152 702 212 738 ιιι
223 686 367 737 interfecit.
384 686 500 747 Souliger.
750 685 782 729 2⁸
801 682 851 730 Ner
867 679 983 742 inquieto]
998 681 1027 730 si
1043 694 1092 729 nec
1104 687 1131 729 te
1142 681 1243 730 attolle·

184 764 323 811 Oratione·
342 761 446 823 teneret]
471 763 557 824 lege:
582 763 683 820 teneret,
718 768 768 810 res,
778 762 806 804 et
822 754 944 803 ereberes
961 756 988 802 iu
1004 756 1062 803 auls
1075 755 1243 818 imperotoria

154 837 268 899 anneis
293 836 412 898 Scaliger
431 841 528 885 nerent
553 835 680 883 maluerit.
718 831 824 879 turbate
834 844 881 893 per
891 844 945 889 eoa,
957 831 1001 894 qul
1017 844 1123 892 regnum
1135 828 1241 879 affecte·

153 909 682 972 Diserteenisnliberuptimunorntieeen
718 903 789 953 bant.
819 903 918 955 Quibus
932 904 1084 953 Consulibus
1101 904 1167 955 obiit
1178 906 1242 954 Del·

153 990 258 1042 scm
266 985 363 1048 etquid
371 985 515 1048 probinus,
525 984 680 1047 quam‘tea-
717 978 827 1042 pbidiun,
835 993 885 1027 uon
897 979 964 1042 legi:
983 978 1029 1027 sed
1039 979 1096 1040 ejus
1105 980 1242 1043 conjugem

154 1059 342 1110 erecarmeni'
358 1058 680 1124 'equalegeliderteo-
717 1057 861 1119 postipsnm
869 1070 925 1104 esse
933 1064 1067 1116 mortuam,
1074 1056 1242 1106 sunocbristi

154 1134 406 1196 uemmetrigeuere.
422 1133 472 1181 sed
481 1131 597 1181 etinline
606 1133 680 1195 hujus
717 1132 897 1180 trecentesimo
915 1138 943 1179 et
963 1131 1120 1194 octogesimo
1141 1138 1241 1193 octavo,

154 1208 287 1272 oportun:
306 1208 571 1270 ‘Arripitemoesturu
584 1206 681 1256 Carmi-
716 1220 775 1254 mox
799 1206 897 1261 audies.
918 1207 1005 1268 pannis
1025 1211 1085 1268 post
1102 1206 1241 1265 mensibus,

153 1284 301 1333 aiaealtum
321 1281 380 1342 mei,
394 1281 620 1344 Textumquerele
635 1278 679 1329 lle·
715 1296 790 1345 qusrn
802 1281 940 1340 Maximus,
955 1279 1092 1330 interiecto
1102 1279 1238 1341 Gratiano,

154 1357 216 1407 bili.'
716 1356 877 1419 tyrannidem
887 1357 1047 1420 arripuisset.
1069 1355 1240 1418 Hieronymus

184 1436 214 1482 1⁸
232 1430 360 1480 Celebrate
375 1429 451 1493 nerle]
466 1429 586 1480 Sidonius
601 1428 680 1493 Apol·
715 1433 807 1495 ipsum
818 1433 897 1481 tradit
912 1432 958 1481 sub
974 1433 1133 1483 constentinl
1150 1432 1239 1491 Magni

152 1507 196 1556 lin.
212 1507 261 1558 lib.
281 1520 310 1555 v.
331 1507 380 1568 Ep.
398 1518 426 1554 x.
461 1506 534 1555 ‘'l'ua
550 1512 679 1555 verulam
714 1508 774 1556 tiliis
793 1506 922 1557 lloruisse:
942 1507 985 1571 qui
1002 1507 1061 1556 (lum
1079 1506 1112 1555 de
1126 1507 1239 1569 irnperio

152 1581 231 1641 niara,
248 1589 303 1629 sam
320 1580 471 1642 speetsbilla
488 1580 570 1630 ‹liotio
586 1586 636 1638 eat,
651 1587 681 1629 ut
715 1582 784 1631 iuter
799 1597 826 1632 se
845 1576 1052 1642 contenderent‚'
1063 1582 1239 1645 Magnentius,

151 1655 188 1704 illi
205 1655 300 1704 divisio
312 1655 473 1715 Polemonis,
493 1654 606 1718 gravitas
620 1655 680 1703 oal-
715 1656 1239 1720 Vetrsnio,DecentiunNepotlanunSil·

151 1730 236 1793 lionis,
246 1730 407 1780 abundantis
417 1730 583 1788 Dsnrnrnn,
591 1730 679 1792 Agre·
716 1747 794 1782 vanna
816 1734 910 1796 aliique
937 1731 1099 1794 tyrannidem
1125 1745 1238 1792 oocupa-

152 1805 185 1855 eii
196 1805 345 1868 discipline,
363 1808 412 1853 &n
428 1819 479 1853 non
490 1803 566 1853 modo
578 1818 627 1852 non
637 1818 679 1851 su·
716 1816 785 1859 mur.
801 1810 876 1857 idm.

151 1881 256 1944 periore
278 1879 326 1929 sed
343 1880 385 1928 rix
404 1879 596 1942 aequiparabilia
617 1879 679 1928 scri·
746 1889 778 1933 2⁶
795 1884 861 1932 Dura
879 1896 942 1944 apen
960 1878 1084 1940 ιειιιιιιι]
1102 1880 1237 1929 Lueretius

153 1955 270 2006 bantur?
714 1958 815 2006 libna.
841 1956 913 2005 ‘Sed
924 1956 984 2002 duur
995 1953 1078 2012 abest,
1093 1954 1161 2016 qnod
1178 1968 1237 2003 are·

184 2030 347 2080 luculentia
376 2030 508 2079 rmum
542 2029 677 2092 Pretorio]
716 2048 781 2094 anns,
795 2032 821 2080 id
838 2043 994 2093 exsuperare
1006 2027 1108 2076 ridetur
1119 2027 1236 2078 Cetera:

151 2105 314 2156 meertnm
325 2105 461 2155 Pretorio.
490 2103 679 2167 Deenjusoffi·
714 2113 773 2171 post
788 2105 867 2167 uliud,
885 2119 943 2154 enrn
961 2102 1071 2167 contigit
1085 2103 1157 2166 illud,
1176 2118 1236 2154 are·

151 2181 203 2241 uio,
211 2187 293 2242 eaput
302 2186 345 2230 est
358 2178 520 2229 undecimum
532 2179 590 2228 libri
605 2179 679 2243 primi
714 2182 787 2231 mus?
802 2180 911 2230 Ovidius
920 2179 1003 2231 libra.
1012 2179 1086 2241 Eleg.
1097 2191 1138 2228 rx.
1149 2178 1237 2231 Amor.

150 2255 322 2317 Digestorum
331 2253 479 2304 Jnatiuisui.
502 2254 607 2304 Viaetas.
712 2257 846 2306 ‘Venator
867 2254 984 2319 seqnitur
1004 2251 1139 2317 fugientia,
1158 2261 1237 2317 eapte

186 2334 218 2378 lt
237 2330 340 2378 Tsenti·
348 2331 454 2378 eduntur
469 2327 572 2389 obrutis]
588 2329 679 2378 Celeris
713 2331 842 2396 relinquit,
858 2330 967 2392 Semper
990 2336 1019 2378 et
1044 2328 1150 2378 inventia
1171 2329 1238 2378 ulte·

151 2413 213 2455 eret
228 2405 256 2454 ln
266 2404 416 2466 exemplari.
440 2403 516 2455 Quod
531 2403 636 2452 verbum
652 2404 678 2451 in
714 2407 782 2454 rlors
800 2405 885 2469 petit)
918 2404 1042 2453 Horstins
1062 2416 1137 2452 serm.
1155 2403 1199 2453 lib.
1216 2418 1236 2453 ι.

149 2482 240 2530 mer
257 2487 358 2529 neure
376 2479 482 2543 placuit.
506 2478 543 2527 At
561 2479 678 2527 ultimum
712 2481 767 2530 Sat.
784 2494 816 2530 rr.
850 2481 995 2543 ‘Leporem
1016 2487 1122 2528 senetur
1137 2485 1166 2528 nt
1185 2480 1237 2528 alta

152 2566 256 2618 qnoque
284 2567 373 2603 versus
399 2552 505 2601 verbnm
529 2553 677 2602 mendosum
715 2555 746 2603 In
754 2556 813 2604 nive
822 2560 949 2603 sectetur:
967 2553 1075 2615 positum
1083 2552 1121 2601 sic
1130 2559 1235 2614 tangere

151 2637 272 2690 esurum
290 2643 372 2692 neque
390 2628 491 2690 clientis,
505 2643 597 2691 neque,
606 2637 635 2677 ut
652 2630 679 2678 in
714 2631 793 2678 nolit:
812 2631 916 2686 Centnt,
927 2633 954 2676 et
965 2628 1084 2690 apponit:
1103 2627 1178 2677 Mens
1195 2635 1236 2675 est

152 2704 296 2767 exemplari
314 2701 489 2762 iniuriamne,
504 2718 520 2750 as
537 2717 582 2764 pro
600 2703 679 2765 biugi
715 2719 785 2753 nnror
802 2705 860 2753 bnio
877 2703 981 2752 similis:
1008 2716 1066 2750 narn
1083 2701 1237 2757 ‘lbausrolat

151 2780 244 2843 possit.
283 2777 402 2835 clientiis,
423 2784 467 2825 ant
484 2775 612 2838 clientibus,
633 2778 678 2826 sed
715 2779 739 2827 iu
752 2779 835 2827 medio
848 2778 942 2841 posita,
952 2783 979 2825 et
989 2774 1115 2839 fugientia
1128 2774 1236 2838 onptnt!

151 2855 257 2903 eliatiis
275 2853 371 2916 potius.
403 2852 477 2900 Solus
497 2858 537 2898 est
560 2850 679 2901 Sidonius
715 2855 835 2904 Manilius
846 2854 890 2903 lib.
907 2866 945 2901 ιν.
976 2852 1051 2900 ‘Nee
1068 2851 1133 2915 quod
1150 2851 1235 2914 babet,

152 2928 325 3003 Apollineus,
342 2928 410 2990 apud
429 2940 503 2990 que·
520 2925 569 2975 buc
587 2940 678 2976 nomen
714 2937 847 2979 numerat:
874 2936 971 2977 tantum
991 2925 1058 2989 quod
1081 2939 1131 2974 non
1150 2927 1236 2988 hebet,

152 3008 242 3070 legere
271 3005 446 3054 meminimus:
482 2994 677 3054 ‘Clientiaruin
714 3003 806 3066 optut!
834 3003 937 3051 Curtius
953 3000 986 3048 do
1003 3001 1098 3048 Amicis
1108 2999 1184 3050 Alex.
1196 3003 1235 3053 M.

152 3084 209 3132 aire
219 3081 346 3131 unicum
363 3080 553 3142 loquacissimus
567 3077 678 3139 chorus,‘
713 3083 721 3107 ‘
733 3079 784 3128 Sed
796 3075 898 3126 difficile
908 3081 964 3124 eret
975 3089 1006 3123 eo
1022 3081 1157 3124 contentos
1168 3090 1235 3138 esse,

152 3159 239 3223 inquit
258 3158 284 3205 in
304 3155 362 3205 iibri
382 3154 486 3203 secundi
507 3154 623 3216 Epistola
638 3166 678 3200 se·
715 3154 782 3218 qnod
793 3152 924 3201 obtulerat
935 3149 1050 3199 ocenslo:
1069 3151 1165 3213 qnippe
1182 3167 1235 3202 sor·

152 3233 249 3293 ands,
268 3245 316 3295 pro
333 3230 434 3279 clientis
451 3236 478 3278 et
497 3227 605 3287 aucillis,
621 3242 678 3276 oum
715 3228 778 3277 dent
791 3227 947 3289 primneum
956 3225 1165 3291 majoraquaeque
1177 3242 1236 3291 spe·

151 3307 283 3357 Ausonias
301 3318 348 3367 pro
368 3303 495 3352 clientelis
513 3310 540 3351 et
556 3303 678 3351 clientum
715 3302 820 3352 rantur!
846 3302 926 3349 Plnrs
942 3300 1068 3348 Pindarus
1085 3301 1164 3364 Pyth.
1180 3303 1234 3352 Od.

151 3380 318 3431 multitudine
341 3379 382 3428 bio
397 3391 535 3440 usurpasse
554 3377 678 3427 videntur.
715 3391 758 3428 ιιι.
770 3384 797 3426 et
808 3376 962 3426 Plutarobns
972 3374 1143 3437 replebuuuins.
1203 3402 1204 3406 =

154 3458 232 3506 Iden.
745 3457 777 3501 ⁸2
794 3454 903 3502 Donatus
912 3451 1023 3500 munis
1031 3451 1118 3513 potr-ie]
1133 3452 1235 3504 Condo-

188 3537 220 3582 18
239 3533 317 3581 Fac
326 3537 349 3580 et
358 3529 441 3578 salutis
450 3527 547 3591 uariis]
564 3528 606 3576 De
617 3539 677 3590 quo·
714 3536 800 3579 natum
812 3528 874 3589 filio,
885 3525 1007 3590 quidquid
1015 3526 1041 3575 id
1054 3528 1166 3576 oriminis
1176 3527 1236 3592 snit,

152 3623 210 3658 rnrn
238 3606 316 3667 fama,
338 3605 537 3664 existimatione,
559 3601 678 3670 fortunis,
715 3604 835 3668 precibus
851 3610 878 3650 rt
891 3601 1007 3664 lacrymis
1023 3602 1105 3664 patris
1123 3604 1235 3668 Petere,

152 3683 252 3747 eapite,
267 3682 329 3742 rita,
344 3680 477 3743 ugebslur.
502 3676 616 3726 ‘Famae’
634 3690 677 3725 au·
714 3678 813 3742 optimi,
826 3676 1013 3738 doctissimique
1025 3677 1101 3726 senis.
1121 3677 1224 3727 Vinctaa.

152 3767 207 3808 tens
218 3758 261 3806 ‘et
271 3756 360 3805 solutis
372 3752 482 3802 snueius’
495 3754 543 3801 bno
554 3753 620 3807 loeo,
631 3751 677 3799 aio·
746 3757 777 3803 88
796 3755 846 3801 Neo
869 3752 964 3801 decadi
982 3751 1104 3815 pertinen]
1127 3753 1234 3801 Minime

152 3842 183 3882 nt
197 3830 377 3892 ‘fatigationis
388 3829 523 3890 besteruae,
539 3836 566 3875 et
583 3826 677 3887 animi‚'
714 3828 836 3879 assiduus.
854 3826 927 3876 Irieus.

152 3907 383 3971 epndslpuleinm:
401 3900 677 3952 sed‘emoreetcurn'
745 3907 777 3950 tl
795 3904 883 3950 Ceron
903 3899 1008 3962 potrum]
1035 3899 1086 3951 Qui
1108 3897 1153 3946 tibi
1172 3897 1235 3945 libe·

153 3983 221 4047 epod
231 3983 394 4040 Ciceronem,
404 3986 431 4027 et
442 3979 583 4041 Virgilium.
604 3979 677 4026 luen.
712 3990 753 4025 ros
764 3991 822 4025 suos
838 3976 864 4024 in
880 3975 1042 4037 disciplinam
1059 3971 1234 4022 tradiderauts

184 4066 214 4111 21
232 4062 286 4111 Ner
302 4058 369 4121 odio]
393 4057 463 4105 Dum
483 4055 676 4105 Narbonensem
713 4066 776 4115 quos
808 4052 846 4101 its
880 4049 1042 4112 negligenter
1073 4043 1232 4098 instituebas.

150 4153 252 4191 ιιιιιιιι
270 4143 363 4187 eontra
380 4138 504 4202 rectorem
516 4130 675 4195 Numerium,
713 4127 786 4178 luen.
1223 4159 1234 4170 ·-
