2804 4764
520 277 675 328 ιυιοιιιι
701 272 883 331 nurture.
1164 266 1250 339 1167

154 425 228 471 tores
237 416 395 482 diligentins,
406 425 433 470 et
442 419 559 470 inveniet
574 420 685 485 mannl-
722 422 925 485 toleratum
936 423 1014 475 etlam
1024 438 1096 476 more
1106 426 1193 490 pelagi
1204 442 1252 479 ιι·

154 494 245 545 oribus
259 495 355 544 Latinis
372 509 405 544 eo
422 510 531 559 qnoque,
549 495 575 545 id
587 496 684 558 est,t'e·
723 497 816 546 aientis
836 511 977 561 exsurgens
989 499 1076 562 jactat
1091 501 1252 564 navigantes,

152 571 251 620 asinino
262 584 369 631 genere,
386 585 438 620 nnn
455 586 539 634 pauca
549 571 684 622 fluviorum
722 572 844 621 atrociter
860 574 959 637 utique,
975 574 996 623 si
1014 576 1065 624 alio
1082 584 1183 640 ventus,
1199 567 1253 628 alio¹

152 647 259 695 nomina
271 645 350 695 suisne
361 648 474 710 prolata,
485 657 514 697 ut
531 649 625 710 Aliam,
637 649 684 698 Sa·
722 646 790 695 uada
798 648 963 712 precipitat?
980 651 1166 713 Eorcspiciens
1175 652 1251 702 Clan-

152 735 238 784 gram,
249 720 417 769 Crataeidem.
432 723 473 771 De
484 721 544 771 Alis
554 723 620 772 enim
632 724 683 773 Lu·
721 722 812 772 dianus
831 737 862 772 ιι.
882 726 908 772 iu
926 723 1071 774 Rudinum:
1088 726 1134 775 red
1151 728 1250 790 optime

152 797 215 857 cani
233 811 320 845 versus
337 805 378 846 est
395 797 461 846 libro
480 799 608 860 septimo:
630 801 684 849 ‘Et
720 797 808 848 Sidon.
835 799 994 862 Apollinaris
1023 800 1107 862 Epist.
1129 813 1182 850 ιιι.
1204 802 1250 852 lib.

152 868 277 933 dammis
299 871 344 918 diu
370 871 492 920 Romanis
514 872 574 921 Alia
592 872 686 924 fastis!
721 886 784 924 vrrr.
806 889 832 937 p.
849 878 906 925 tul.
924 874 951 922 in
967 874 1074 936 Bnrgo:
1095 876 1203 927 ‘Currit
1221 877 1249 928 iu

153 947 197 1018 lle
208 947 298 1008 Sagra,
313 948 449 997 Strabonis
466 949 522 999 haec
534 951 685 1000 snutrerba
722 948 857 998 adversum
876 949 918 998 hic
936 957 1039 1012 pontus,
1057 952 1190 1015 multoque
1210 968 1251 1002 re·

151 1023 221 1073 libro
236 1024 409 1073 sentosllerls
424 1023 450 1073 al
465 1026 565 1088 horpale
581 1027 683 1090 adm,
722 1038 797 1072 curm
810 1025 927 1074 Flumina
938 1039 1000 1089 quar
1011 1027 1118 1074 rolrnnt
1134 1035 1161 1076 et
1177 1043 1251 1092 sper·

152 1099 183 1149 b
197 1103 302 1159 ὴλιιιῦι
318 1099 464 1162 ὀνομάζουσι.
492 1105 684 1154 Deciataeidis
721 1101 760 1149 uit
771 1109 798 1149 et
810 1102 919 1165 expedit
934 1101 1026 1150 undas.
1054 1100 1092 1151 Ar
1108 1117 1164 1151 cnm
1183 1119 1250 1154 snm·

152 1190 252 1240 genere
268 1190 352 1236 nemo,
370 1184 442 1239 puto,
456 1179 576 1228 dubitare
594 1180 683 1243 debet,
721 1185 807 1225 motus
835 1176 965 1225 lunaribus
992 1177 1158 1226 incrementis
1188 1179 1250 1242 lpse

153 1259 292 1315 postquam
321 1253 422 1301 Plinius
443 1259 470 1301 et
491 1254 602 1315 Solinus,
624 1262 684 1315 post
721 1251 852 1300 Garumna
869 1240 928 1301 sno's
940 1252 965 1300 in
977 1251 1250 1317 dorsarecolligit-aes·

154 1325 310 1388 Homerum,
320 1336 428 1376 matrem
444 1329 539 1391 Scyllae
551 1330 577 1379 id
589 1327 683 1379 tlnmen
722 1334 773 1384 tus,
798 1326 933 1389 Praeeipiu
956 1325 1028 1376 lirun
1051 1328 1146 1391 raptim
1170 1329 1250 1392 redit,

151 1398 235 1450 tuisse
245 1399 402 1450 fabulentur.
423 1404 530 1454 Vinctos.
722 1409 800 1465 atque
811 1403 911 1451 videtur
922 1402 954 1452 In
966 1402 1064 1452 fontem
1076 1403 1133 1466 jam
1148 1419 1199 1454 non
1209 1419 1250 1454 re·

187 1478 312 1540 AEqaareoe
323 1478 464 1541 Geram]
479 1479 683 1543 Gradatimper-
720 1475 796 1536 floris,
814 1477 860 1526 sed
879 1477 979 1528 defluus
998 1479 1044 1529 ire.
1070 1480 1135 1528 Tam
1155 1481 1250 1544 recipit

151 1566 228 1615 gens,
244 1552 312 1601 hunc
330 1555 401 1617 qnasi
416 1557 584 1617 praecipuum,
602 1562 631 1605 nt
649 1556 683 1605 de
720 1553 833 1616 laticem,
847 1556 963 1618 quamvis
979 1556 1064 1606 minor
1081 1556 1134 1618 ille,
1150 1557 1250 1607 minora

152 1627 220 1677 arbe
241 1628 381 1690 Burdigala
398 1637 485 1679 serrat
500 1631 526 1678 in
539 1631 622 1680 claris
633 1633 683 1680 Ur·
720 1629 858 1691 stagnanti
874 1630 908 1678 de
924 1629 1006 1680 fratre
1023 1645 1106 1693 sitnm,
1124 1633 1250 1695 turgescit

152 1703 239 1763 bibus,
257 1704 284 1751 in
302 1703 354 1753 flue
370 1705 482 1754 collocat
492 1705 569 1756 bomo
579 1707 682 1758 Gallus.
720 1712 747 1753 et
756 1705 812 1767 ipse
820 1707 936 1768 Oceano,
948 1707 1117 1770 propriasque
1123 1706 1189 1756 facit
1199 1707 1250 1759 sibi

151 1779 192 1829 Ut
203 1779 358 1828 Fortunatus
377 1781 521 1844 Episcopus
539 1784 683 1833 Pictavien·
720 1781 809 1830 littora
820 1780 909 1843 ripas.'
938 1781 1009 1830 idem
1021 1782 1066 1832 lib.
1077 1795 1139 1831 aru.
1164 1783 1249 1845 Epist.

151 1856 189 1905 ris
223 1855 257 1903 ad
288 1855 424 1905 leontium
454 1859 682 1922 burdigalensem
720 1870 773 1906 ιιι.
790 1858 921 1908 ‘Fluants
938 1857 1086 1907 refluentia'
1108 1860 1248 1909 Garumna

152 1931 307 1981 ‘Quantum
318 1931 386 1980 inter
403 1933 513 1996 reliquas
529 1943 610 1996 capnt
626 1934 685 1984 haec'
721 1933 821 1981 tribuit.
853 1933 884 1980 lu
902 1934 984 1996 roteri
997 1933 1135 1983 Itinerario
1151 1948 1166 1982 a
1182 1934 1250 1983 Bur·

151 2006 329 2068 superextnlit
344 2007 432 2069 urbes,
445 2009 556 2058 Tantum
572 2007 682 2058 Pontih·
720 2007 809 2071 digala
832 2007 1046 2070 Hierosolymam,
1071 2007 1097 2057 in
1120 2008 1248 2071 principio

152 2096 199 2133 eea
216 2082 296 2132 vineis
312 2084 408 2133 honore
425 2087 527 2148 gradus.
552 2085 683 2136 inferiora
720 2084 758 2131 ita
779 2084 904 2146 cerintum
930 2090 986 2132 est:
1015 2082 1136 2132 ‘Civitas
1156 2082 1250 2132 Burdi-

152 2159 297 2209 reintrant
311 2158 415 2209 flumina
434 2170 528 2211 cuncta
546 2163 684 2227 Garunnae,
720 2160 788 2224 gala,
810 2160 853 2210 ubi
875 2166 916 2209 est
933 2159 1026 2209 fluvius
1047 2159 1179 2221 Garonna,
1200 2173 1249 2224 per

152 2235 216 2285 Non
244 2235 322 2284 aliter
352 2236 424 2285 robis
451 2238 571 2301 subjacet
600 2241 682 2290 omnis
720 2248 795 2298 quem
808 2233 878 2283 tacit
894 2248 965 2284 mare
985 2234 1119 2285 Oceanum
1142 2248 1250 2284 accessa

152 2311 240 2374 apex:
265 2311 681 2366 Imouburr.‘renisrm...
720 2318 749 2358 et
771 2324 884 2368 recem.
909 2323 956 2374 ner
976 2311 1065 2374 leuata
1089 2311 1146 2374 otu·
1165 2311 1249 2359 minna

152 2387 475 2449 magnusqneGarumna.¹
507 2390 620 2439 Ulterius
633 2406 682 2440 non
720 2386 842 2436 centnm!
880 2386 1036 2436 Gnilielmus
1057 2386 1134 2435 Brito
1155 2386 1182 2434 in
1201 2399 1250 2435 sna

153 2469 268 2527 poterat,
278 2464 326 2512 nisi
341 2464 424 2526 ipsum
441 2465 537 2530 AEqnor
548 2468 588 2515 rel
600 2468 683 2517 Ocea.
720 2461 902 2524 Philippeide:
920 2463 1023 2512 ‘Quum
1032 2458 1249 2524 postretroflnum
1264 2518 1266 2524 Ι

153 2551 216 2586 nn·
229 2539 364 2588 voluisset:
382 2547 408 2588 et
423 2541 472 2589 boc
483 2540 557 2602 fecit,
568 2544 683 2591 vocando
720 2538 811 2599 pelago
822 2544 957 2586 crescente
965 2536 1142 2586 Garumnam!
1162 2538 1249 2589 Quum

153 2612 330 2676 ‘AEquorenm
348 2616 466 2664 amnem!
494 2617 683 2682 ‘AEqnoreum’
721 2619 807 2659 antem
835 2614 948 2673 Ριιροννᾶι
974 2612 1103 2661 scribatur
1127 2610 1250 2660 Straboni

154 2696 242 2738 autern
260 2705 307 2738 cur
324 2699 408 2751 vocet,
424 2698 451 2740 et
462 2692 529 2753 bele,
539 2701 566 2742 et
578 2693 603 2741 in
617 2695 683 2742 Bur·
720 2687 781 2749 τρισὶ
802 2690 914 2748 ποταμοῖς
929 2686 1041 2750 aime,
1062 2687 1143 2737 tribus
1165 2683 1251 2735 fluviis

154 2765 257 2827 digala:
281 2766 412 2815 ‘Fervent
432 2783 563 2831 aequoreos
583 2770 684 2818 imitata
722 2773 821 2820 auctus,
838 2766 874 2813 illi
894 2772 952 2814 sunt
972 2767 1073 2826 Tarnis,
1094 2765 1178 2814 Oldus
1195 2765 1249 2814 sire

154 2838 256 2889 fluenta
273 2841 393 2903 meatus,'
418 2849 444 2891 et
464 2844 595 2905 Epistola:
620 2845 683 2892 ι113-
721 2839 799 2894 Olda.
817 2855 891 2902 quem
912 2840 1013 2889 inverso
1033 2840 1134 2887 nomine
1152 2838 1250 2888 Lodm

154 2930 276 2981 qnoresm
288 2918 353 2980 liqui
366 2925 391 2967 te
403 2926 512 2980 propter
528 2920 611 2968 amice
631 2920 683 2969 Ga.
722 2922 827 2973 vocent,
837 2922 864 2962 et
878 2915 1015 2969 Duranius.
1035 2913 1156 2976 AEquorei
1169 2913 1249 2974 igitur

155 2992 292 3051 rumnam,'
316 3004 343 3043 et
369 2995 466 3056 optime
496 2994 529 3042 ad
556 2996 682 3044 Paulum:
722 2989 953 3046 amnesdicuntur,
969 3002 1077 3052 quorum
1092 2987 1249 3051 ostia‚qnod

153 3069 160 3095 ‘
172 3069 291 3133 AEqnoris
302 3069 392 3117 undosi
401 3084 452 3133 qua
462 3071 632 3131 multiplicata
643 3085 683 3119 re·
721 3065 747 3112 iu
759 3064 1081 3123 Ocetmtmmnfflssfflr,
1091 3071 1181 3111 mmm
1191 3062 1249 3124 ‘5¹¹⁸

154 3159 234 3194 cnrsu
257 3145 389 3195 Garumna
409 3154 516 3209 pontum
540 3146 699 3208 provocat3'·
720 3141 868 3202 patiuntur:
895 3138 1020 3202 quomodo
1042 3145 1069 3186 et
1097 3137 1179 3187 Anam
1201 3136 1250 3186 flu·

154 3221 229 3272 hiala
240 3221 314 3269 nabis
331 3221 444 3283 explicat
461 3221 506 3269 lib.
518 3234 562 3269 ιιι.
582 3235 640 3282 oap.
651 3234 684 3270 ιι.
722 3217 800 3278 rium,
818 3217 862 3279 qui
886 3215 1028 3264 Emeritam
1051 3213 1185 3274 Hispaniae
1208 3227 1249 3261 ur·

155 3296 222 3364 adeo
248 3297 382 3357 graphice,
402 3305 432 3344 ut
450 3296 474 3343 iu
497 3311 528 3344 eo
548 3297 684 3359 aliqnando
721 3292 779 3341 bem
801 3292 885 3352 alluit,
904 3290 980 3339 hodie
1003 3290 1139 3348 Gaudiana,
1162 3303 1249 3352 aequo·

152 3373 270 3432 jactatus
286 3371 366 3420 fuisse
379 3372 513 3420 videatur:
531 3373 685 3421 ‘Garumna
723 3382 793 3416 reum
806 3368 872 3416 idem
886 3373 972 3415 noster
990 3364 1116 3413 Ausonius
1135 3363 1248 3413 vocatio

155 3461 188 3496 ex
199 3448 321 3508 Pyrenen
331 3456 417 3495 moute
429 3447 558 3510 delapsus,
568 3446 616 3495 nisi
626 3462 684 3496 com
721 3443 804 3492 Clanis
816 3442 937 3491 Urbibus.
955 3440 1031 3488 Unde
1041 3439 1170 3487 AEstueria
1182 3437 1250 3499 ejus·

155 3522 273 3586 hyberno
286 3522 366 3570 imbre
375 3529 420 3571 aut
431 3523 523 3571 solutis
534 3522 635 3571 nivibus
647 3524 685 3572 iu·
721 3517 791 3566 modi
804 3518 935 3578 eleganter
946 3515 1090 3576 composita
1098 3521 1249 3572 vocemm-

157 3599 263 3656 tumuit,
280 3597 324 3646 diu
343 3599 460 3657 vadosus,
478 3604 506 3645 et
524 3599 566 3647 vix
583 3600 685 3661 naviga·
721 3589 840 3640 amano
851 3599 928 3639 vocat
942 3590 1044 3639 Strabo·
1067 3588 1144 3639 erod
1162 3597 1250 3638 auten

156 3673 216 3722 bilis
237 3671 328 3720 fertur.
353 3672 389 3721 Ar
409 3673 451 3721 nbi
472 3673 563 3721 obvius
584 3673 685 3722 Oceani
721 3669 762 3717 lrio
774 3671 782 3697 ‘
794 3665 937 3731 aequoreun'
954 3664 1078 3725 Autronio,
1094 3664 1162 3713 idem
1180 3668 1250 3714 ‘eao-

155 3750 326 3798 exaestuantis
341 3749 486 3798 accessibus
496 3749 621 3798 adauctus
637 3757 685 3805 est,
723 3745 821 3795 ruleus'
832 3754 873 3793 est
882 3743 996 3799 Tibullo,
1013 3757 1072 3791 cum
1090 3741 1200 3803 Ligerim
1212 3742 1250 3789 ita

157 3824 300 3888 iisdemque
312 3831 381 3873 retro
398 3824 572 3873 remeantibus
587 3839 645 3872 snas
656 3826 686 3873 il·
723 3829 813 3871 vocat:
842 3819 971 3869 ‘Carnutl
999 3825 1027 3866 et
1055 3815 1127 3864 flrrvii
1152 3815 1249 3863 coerula

156 3899 258 3962 liuaqne
280 3913 357 3962 aquas
375 3899 437 3959 agit,
456 3900 613 3962 aliquantum
631 3901 685 3962 ple·
722 3898 826 3960 lympha
838 3894 939 3957 Ligerr'
957 3893 1025 3957 quod
1034 3892 1153 3940 nimirum
1166 3890 1249 3938 Ocea·

156 3974 223 4035 nior,
234 3983 261 4024 et
273 3975 458 4038 quantomagis
470 3974 597 4036 procedit,
607 3987 638 4023 eo
649 3975 685 4022 la·
722 3988 781 4022 nom
794 3973 874 4020 intrat
882 3985 929 4033 per
939 3984 976 4027 se,
987 3975 1015 4016 et
1023 3965 1151 4016 AEatuaria
1161 3963 1250 4015 efficit.

157 4053 205 4101 tior
224 4051 269 4099 fit:
287 4051 318 4097 ad
341 4058 498 4112 postremum
519 4050 604 4113 magni
623 4048 684 4098 freti
722 4049 856 4097 Coernleus
873 4046 939 4092 enim
957 4044 998 4106 (ut
1009 4037 1196 4101 elegantissime
1213 4037 1249 4086 ibi

158 4129 256 4191 similis,
275 4141 323 4175 nec
342 4126 438 4188 majora
459 4133 558 4175 tantum
585 4126 686 4187 navigia
721 4113 1249 4182 notaritscaliger)estaeqnorsns,etiam
