2804 4764
454 271 609 321 ausonii
634 273 816 322 aurnum.
1024 268 1027 276 “
1095 264 1180 330 1111

83 418 154 466 ‘aec
174 430 225 466 nno
242 416 346 466 nomine
365 413 469 480 pictos,'
480 414 614 465 claudian.
652 415 803 465 mendosum
815 430 872 467 asse
883 417 940 482 ipsa
956 419 1022 470 ratio
1039 419 1143 485 pedum,
1153 429 1183 472 et

85 493 248 552 Eliberrae.
264 492 392 541 freierus.
488 510 491 514 ·
652 495 785 542 sententia
805 492 889 543 fracta
916 504 1067 558 coarguant.
1110 497 1181 550 Qno·

121 570 182 619 Tota
193 569 338 629 Caledoniis,
355 567 409 630 ipa]
425 568 521 616 Imaum
540 566 615 616 ritis·
652 567 729 617 modo
739 577 825 617 autent
831 569 984 634 juvandum,
995 573 1181 639 rianisqtratu

84 650 140 695 tum
153 659 204 694 non
220 650 296 693 sanat
307 643 450 705 distinctio,
460 658 535 707 quam
553 657 615 692 non·
652 645 702 693 nisi
715 646 814 695 exactis
825 647 906 695 oculis
920 649 1093 710 perrpexerit.
1128 649 1181 699 Po·

83 719 170 769 nnlios
188 718 313 768 adhibere
335 718 501 768 aitVinctus.
519 732 570 767 una
584 718 615 767 ti·
652 723 807 772 testabesse
824 724 925 787 integer
945 739 1044 788 versus,
1058 727 1101 791 qni
1111 726 1180 790 glos·
1265 732 1269 739 ’

84 804 142 846 tera
153 795 226 845 dabit
238 809 322 845 reram
339 794 493 844 lectionem:
512 794 614 867 scribe:
652 811 705 847 sam
717 812 778 848 sane
786 814 836 849 non
847 815 898 849 nno
909 800 988 850 odora
995 802 1087 865 spirat.
1121 803 1181 854 For·

84 874 153 924 Nota
166 872 300 921 Caledoniis
311 872 366 921 iniis
375 872 470 934 pictura
478 871 614 920 Britannia.
653 874 742 924 tarsis:
760 876 869 925 Delicias
879 876 996 926 tostinum
1007 893 1017 935 ,·
1029 878 1181 942 locupletibus

83 949 262 998 variationem
283 950 425 997 nativorum
453 947 567 997 coiornm
589 949 615 997 in
651 966 718 1014 oequn
730 951 772 999 nri
784 953 854 1002 andis
863 952 1010 1002 Arrissaimtt
1020 959 1111 1004 nostros
1125 956 1180 1005 ini-

83 1025 154 1088 aigs,
176 1024 300 1084 coraliiis,
316 1023 412 1084 baccis,
428 1023 543 1086 conchis,
559 1024 615 1073 aiiis
652 1031 704 1076 tata
721 1028 819 1077 monilia
839 1029 923 1079 mitat.
956 1029 1017 1080 Hoc
1033 1039 1074 1081 est
1096 1031 1179 1095 paria,

84 1100 182 1149 talibus
193 1100 220 1147 in
236 1099 315 1148 fundo
334 1100 411 1148 maris
431 1108 496 1149 tastu
507 1099 616 1166 deflttxi,
652 1104 722 1166 paris
733 1104 828 1154 coloris
844 1114 871 1153 et
888 1105 1045 1156 variationis.
1079 1106 1180 1157 Bartis'·

84 1184 222 1240 comparat
244 1192 301 1226 cum
318 1179 366 1239 eis,
384 1192 442 1241 quas
460 1192 507 1240 per
522 1193 614 1243 aquam
649 1194 688 1229 trs.
722 1179 831 1229 Maiim:
853 1179 960 1230 Delicias
978 1181 1096 1231 naim
1116 1183 1179 1233 ioca·

83 1253 113 1302 in
124 1253 237 1302 Mosella
248 1253 331 1302 videri
342 1254 415 1304 dicit.
448 1255 614 1305 Nihiiserins
648 1256 1072 1320 pietsmrqtsoequerrtbrtsds’s‚&c.

83 1329 133 1378 isac
143 1329 310 1392 repositione.
321 1329 445 1380 Bortiitrs.
458 1331 553 1393 Probo,
563 1333 614 1382 No·
684 1336 715 1381 τι
727 1332 809 1382 Hasd
825 1333 896 1382 aliter
913 1333 1022 1396 piacita,
1042 1332 1096 1398 ise]
1112 1335 1178 1386 Mss.

82 1411 120 1457 ts.
153 1407 250 1468 Facile,
267 1413 296 1455 nt
313 1407 373 1456 aiibi
390 1416 492 1457 notasse
502 1409 614 1466 memini,
651 1407 711 1464 duo,
734 1409 877 1458 ammixiu:
901 1423 951 1474 ego
971 1423 1034 1460 vero
1053 1410 1180 1472 ιἰιιιιιιιιι,

84 1483 177 1546 primm
200 1497 290 1532 rersns
307 1484 392 1533 iiterae
411 1485 549 1547 depravari
568 1499 613 1548 po·
651 1483 766 1546 honest,
787 1498 837 1533 non
850 1485 988 1548 permistos
1008 1491 1116 1548 temere,
1132 1487 1179 1537 sed

84 1566 170 1608 tuere.
202 1559 245 1608 Sic
264 1559 334 1621 apud
350 1560 461 1609 Statium
477 1560 521 1609 lib.
535 1575 566 1610 rr.
578 1561 614 1610 A·
651 1561 741 1609 ordine
752 1560 862 1625 quodam
871 1561 992 1624 naturali,
1000 1570 1046 1613 aut
1055 1563 1177 1629 ingenuo,

82 1633 241 1683 chilleidos:
272 1635 337 1684 ‘Ille
363 1649 465 1700 quoque
496 1637 613 1700 obliquos
651 1635 877 1699 legendumduco.
894 1637 1021 1688 Bariis'trs.

84 1709 186 1760 dilecta
204 1710 237 1759 ad
256 1712 349 1759 mrenia
375 1712 462 1761 vuitus
480 1712 614 1774 Declinat,
683 1714 715 1760 id
727 1710 910 1775 interludentes]
921 1713 1078 1776 voluptuosi
1085 1715 1179 1780 pisces.

84 1788 242 1852 viduamque
252 1788 530 1854 domum,gemitusque
540 1791 614 1840 reiic-
653 1785 797 1836 Cassiodor.
815 1802 874 1850 pag.
884 1792 925 1838 28.
944 1789 1069 1839 Freiteras.

85 1870 122 1914 t·
134 1864 255 1926 Cogitat:
281 1865 399 1914 occuitus
414 1865 462 1914 suis
479 1865 558 1914 corde
573 1879 614 1915 rs·
683 1864 715 1909 ii
732 1859 1014 1928 Sedugaetotspecies]
1031 1865 1181 1929 ‘speciest'

84 1941 201 1990 nascitur
218 1940 302 2001 ardor,
312 1942 417 2005 Datque
428 1941 513 1990 locam
524 1942 614 1992 virtus.
651 1936 700 1985 hoc
709 1950 785 1985 sensu
796 1936 921 1987 Paulinus
927 1939 1045 2001 Epistoia
1053 1954 1080 1989 v.
1097 1941 1180 1992 ‘usn

83 2017 173 2066 Sensit
186 2016 303 2066 Laertius
316 2017 392 2066 heros
410 2018 576 2078 Moerentem,
586 2025 614 2066 et
651 2012 700 2063 tibi
711 2013 774 2077 quid
791 2013 896 2077 dignum
915 2012 1026 2066 referam
1041 2031 1089 2080 pro
1106 2017 1182 2081 pisci-

85 2091 196 2156 plseidis
219 2107 353 2156 aggressus
374 2091 480 2142 flectere
500 2093 576 2142 dictis
587 2091 614 2143 ι’
651 2088 699 2139 bus
710 2090 770 2152 iliis,
781 2091 853 2141 Quos
869 2090 918 2140 tibi
934 2091 1046 2142 ricinum
1056 2092 1182 2157 locupleti

85 2166 132 2217 nbi
149 2168 226 2230 ionga
248 2168 338 2217 meiius
352 2169 499 2228 Haerentem,
519 2168 544 2216 id
566 2174 615 2231 est,
651 2165 755 2230 gurgite
765 2165 840 2214 littus
850 2165 1016 2230 Suppeditat,
1027 2167 1105 2217 miros
1122 2181 1182 2231 spe·

85 2243 261 2305 dubitantem,
286 2251 314 2293 et
339 2246 508 2306 cogitantem,
529 2251 615 2294 utrum
652 2241 703 2303 cie,
712 2240 845 2306 formaque
856 2242 1016 2307 diremptos?
1032 2242 1087 2293 sed
1097 2256 1181 2308 neque

86 2319 173 2370 artiori
193 2323 286 2368 amoris
304 2336 337 2369 an
356 2321 446 2370 uirtuti
461 2322 615 2386 obsequere·
653 2317 822 2381 totspecies.'
845 2317 978 2368 Ovidius:
1000 2319 1086 2371 ‘Quot
1105 2319 1181 2383 pirci-

84 2402 139 2457 tur,
146 2398 238 2459 scripti
249 2396 309 2445 libri
321 2396 471 2459 praeierunt.
654 2393 700 2442 bns
716 2393 783 2442 unda
801 2393 920 2445 natatur!
953 2395 1119 2458 Symmachus
1130 2394 1183 2444 Aa·

118 2477 153 2522 rc
166 2473 312 2522 cincinnus
319 2474 428 2535 germina
435 2469 528 2533 mrem]
538 2471 617 2521 Pom·
653 2469 742 2519 eonio:
759 2469 854 2519 ‘Unda
871 2468 916 2519 iiia
932 2470 1089 2519 amnicorum
1106 2470 1185 2534 pisci·

84 2549 180 2613 penius
197 2549 263 2596 libro
283 2549 360 2597 tertio
376 2547 409 2595 de
425 2547 562 2595 Britannia
579 2548 632 2596 ιιι·
654 2559 697 2592 nm
709 2545 829 2594 examina
840 2546 971 2609 reperisti,
987 2560 1063 2610 qnam
1074 2547 1185 2596 nomini·

87 2628 161 2674 suia:
178 2626 259 2674 ‘Fert
275 2639 390 2684 nemora,
402 2625 491 2680 stritus,
509 2639 540 2672 ae
551 2638 618 2686 proe-
653 2619 702 2669 bus
719 2621 800 2681 raris,
817 2629 871 2669 tam
886 2619 1026 2682 coloribus,
1046 2630 1074 2669 ut
1085 2621 1182 2683 magni-

87 2701 197 2765 grandia
207 2700 323 2763 flumina,
331 2700 554 2748 altemismotibns
565 2713 617 2747 mo·
655 2696 745 2744 tudine
765 2696 898 2756 dietantia,
909 2697 947 2744 sic
958 2697 1068 2760 sapore?
1083 2710 1141 2760 qua·
1155 2704 1185 2746 ιιι

86 2778 120 2825 du
141 2778 167 2826 in
189 2779 304 2840 pelagus,
324 2775 399 2825 modo
420 2784 489 2824 retro
501 2774 619 2838 fluentis,
655 2772 795 2836 pigmentis
808 2772 882 2821 istius
900 2774 1026 2823 Carminis
1044 2787 1121 2837 supra
1134 2774 1186 2823 Na·

86 2861 116 2902 et
136 2852 256 2918 quedam
279 2857 391 2916 gemuias
417 2851 618 2916 margaritasque
656 2857 722 2899 turre
734 2848 802 2898 duna
811 2847 913 2898 fucasti.
926 2848 1007 2914 Atqui
1016 2851 1043 2900 in
1055 2851 1106 2900 tuis
1115 2865 1185 2901 men·

88 2928 257 2993 generantia)
300 2929 337 2977 Et
356 2929 457 2978 Piiuirrs
484 2928 501 2976 1.
523 2941 562 2979 rx.
585 2928 618 2977 de
656 2926 690 2974 sis
703 2940 775 2989 sape
786 2931 982 2985 versatus,‘cnm
993 2925 1116 2990 pleraque
1128 2928 1187 2991 alia,

88 3008 227 3059 unionibus
240 3024 247 3058 ε
265 3007 313 3057 ‘in
325 3008 463 3056 Britannia
473 3021 567 3071 parvos
580 3016 619 3057 at·
656 3017 715 3066 qna
726 3010 788 3050 tnnc
800 3002 826 3049 in
839 3002 927 3065 precio
938 3009 1023 3065 eraut,
1032 3004 1087 3052 esui
1098 3002 1187 3067 obiec-

89 3084 362 3151 qnedecoloresnaaci
380 3091 487 3133 certum.
521 3084 618 3134 Quoni·
657 3086 685 3127 ta
704 3078 960 3140 mirflieisuunissssm
977 3076 1026 3126 ¹¹0⁰
1042 3078 1186 3142 ῑθῐιΰιρὶι·
1272 3108 1277 3118 x

88 3176 130 3212 am
141 3163 226 3211 Divus
236 3161 321 3213 Jntins
333 3161 473 3222 thoracem,
481 3175 556 3223 quem
568 3161 619 3209 Ve-
656 3156 724 3206 cium
742 3154 910 3219 deprehendi.
929 3155 1040 3206 Quando
1049 3155 1092 3205 'tsti
1103 3157 1186 3220 pisces

88 3240 145 3290 neri
165 3238 295 3288 Genitrici
312 3238 338 3285 in
359 3237 456 3299 templo
476 3237 532 3299 ejus
550 3237 619 3284 dica.
657 3232 704 3282 tibi
715 3232 770 3280 nati
787 3230 884 3279 auntin
901 3229 976 3293 libro,
986 3231 1029 3295 qui
1041 3231 1067 3279 in
1079 3230 1185 3281 ferculis

88 3316 138 3377 rit,
151 3329 184 3364 ex
197 3313 355 3363 Britannicis
365 3313 512 3376 margaritis
522 3310 620 3362 sactum
656 3324 707 3358 non
728 3306 859 3358 fuerunti'
875 3307 930 3357 Nos
952 3322 1053 3373 quoqne
1070 3308 1186 3371 piscibus

87 3391 202 3442 soluerit
219 3388 348 3452 intelligi!
388 3389 538 3438 Ammianus
558 3403 620 3452 quo·
656 3385 714 3434 istis
729 3382 905 3433 examinandis
925 3390 953 3433 et
970 3383 1121 3433 condiendis
1133 3398 1185 3433 non

89 3482 140 3532 que
151 3466 267 3515 meminit
281 3467 308 3514 iu
323 3472 439 3514 extremo
451 3465 518 3514 libro
530 3465 620 3514 ricesi·
657 3463 765 3511 muitum
787 3458 985 3520 immorabimur,
1012 3466 1041 3509 et
1063 3458 1095 3507 sd
1123 3459 1187 3510 Gur.

89 3559 131 3595 no
149 3546 239 3603 tertio,
256 3552 283 3593 et
297 3544 434 3593 Suetonius
446 3545 472 3592 in
483 3543 553 3595 Julio
565 3543 619 3592 Cae·
658 3537 853 3596 Rondeletinm,
882 3536 942 3585 Pet.
970 3535 1113 3597 Beiionnm,
1141 3534 1185 3584 Fr.

89 3636 156 3672 sare.
179 3622 287 3670 Vinctus.
320 3621 428 3679 Origen.
447 3619 618 3668 Commentar.
658 3615 823 3674 Boussetnm,
839 3612 882 3661 Fr.
899 3611 1065 3671 Massurium,
1082 3618 1108 3658 et
1119 3625 1185 3673 prae·

91 3700 116 3748 in
127 3699 294 3758 Matthaeum,
305 3712 331 3761 ρ.
342 3701 390 3745 21⁰
401 3713 407 3744 :
426 3693 507 3744 οἵτινές
525 3694 571 3744 εισι
581 3693 621 3743 καὶ
657 3693 734 3755 eipne
746 3691 918 3755 Hippolytum
924 3689 1070 3738 Saluianum
1079 3686 1188 3750 Tipher·

90 3775 181 3839 ιιριυτοι
191 3776 258 3838 torri
268 3776 363 3837 Ἐρυθρᾷ
378 3772 486 3838 θαιάυσῃ
496 3773 620 3833 γινόμενοι.
657 3776 755 3828 natem,
767 3763 1100 3826 Gesnernmuutmvinn,
1110 3760 1187 3809 Pani.

82 3852 245 3916 ’δευτερεύουσι
264 3850 288 3898 ri
306 3851 335 3899 air
357 3851 382 3897 iv
400 3849 546 3913 μαργαρίταις
562 3849 621 3898 site
657 3842 770 3904 invium,
781 3841 879 3904 Georg.
893 3840 1075 3903 Agricolam,a
1091 3835 1185 3900 quibus

90 3931 132 3980 rori
147 3930 211 3979 rard
229 3927 369 3991 Βρεττανίαν
385 3927 485 3977 ὠκεανοῦ
503 3926 621 3988 λαρβαυό-
658 3922 684 3969 in
702 3920 755 3969 ista
771 3926 879 3981 captura
899 3915 1037 3980 praeventi,
1050 3913 1187 3961 lectorem

92 4026 154 4068 ρενιι
658 3995 787 4044 curiosum
800 3993 971 4041 remittamus.
989 3987 1088 4036 Frater.

121 4042 164 4132 rt·
174 4082 281 4132 Delicias
292 4080 411 4128 nominum
426 4079 621 4140 coaptationem
690 4076 723 4121 78
739 4067 881 4129 Sucoedaat]
907 4063 1037 4127 Exprimit
1055 4059 1118 4111 iilud
1139 4062 1190 4111 Lu·

88 4158 133 4208 stri
144 4155 227 4219 ntis]
243 4156 361 4209 Sancite
377 4153 533 4204 membrana
546 4153 620 4202 duas:
660 4148 736 4199 cretii
746 4147 793 4196 lib.
804 4158 824 4193 r.
837 4157 896 4207 pag.
910 4145 948 4190 ta.
980 4135 1098 4188 ‘Cedere
1113 4152 1190 4202 aqua·
