2804 4764
237 306 322 374 iobii
583 307 690 365 norst
713 311 913 362 vantouuu
938 310 978 360 ru

237 476 315 512 sacro
335 459 468 516 mordere,
494 456 544 507 nisi
569 457 640 522 prius
667 456 695 505 iu
711 454 764 504 tide
801 448 982 518 imagine'reli
1004 457 1035 501 ac
1056 447 1166 500 femor'u
1187 445 1327 508 adinvenit,

239 537 383 586 Christiana
403 535 472 583 iuter
488 533 694 583 Catechumenos
705 546 763 580 eru·
799 543 845 578 seu
857 527 1015 579 cousuetudo
1026 526 1158 591 gentilium
1175 524 1209 573 ad
1219 524 1329 575 christi·

239 611 308 662 ditus
324 609 425 669 fuisset,
442 607 579 671 multisque
590 605 681 654 diebus
696 606 763 668 jeju·
799 619 873 654 anam
884 603 1154 652 iidemconversornas
1166 599 1328 663 pedetentim

238 694 342 736 nasset:
370 685 398 732 oi
416 681 563 746 spirepsril
582 679 628 742 iou
645 678 764 729 δόσειετδ
800 679 964 729 introduxit:
990 677 1253 740 dnmpriururn,quae
1268 688 1329 739 gen-

239 756 593 820 renumerationem
608 756 713 819 rbrrspi
721 758 764 814 riis
801 754 888 803 tilihus
916 758 1049 814 usurpata,
1076 750 1223 802 Christiana
1244 751 1330 814 specie

238 838 338 886 πίστευε
353 835 434 895 λόγον,
449 835 510 894 μετὰ
525 834 569 883 roi
583 832 699 891 νηστείαιε
705 847 764 894 σχο-
800 831 939 881 fucantur:
963 829 1058 879 deinde
1073 829 1116 877 iila
1128 830 1194 891 ipsa,
1203 842 1263 892 qaas
1276 829 1331 877 alli·

240 911 313 961 adeor
323 908 512 974 iniquarum
540 909 657 972 Eumque
668 918 764 956 morem
800 906 901 957 ciendis
917 912 1015 955 tautum
1032 903 1143 954 ethnicis
1160 903 1332 963 donabantur,

240 988 347 1036 retineri
359 988 414 1035 vnit
433 985 506 1034 Ordo
524 982 664 1033 serrandus
684 983 709 1029 in
721 981 764 1029 ad·
802 994 849 1030 asu
860 994 938 1043 praru
950 980 976 1028 iu
994 978 1078 1041 legem
1090 985 1235 1027 transeunt.
1270 979 1330 1028 Non

239 1063 373 1113 mittendis
381 1062 412 1110 sd
420 1061 670 1111 iidemChrisliansm
678 1058 764 1108 Sarra·
802 1056 870 1120 quod
884 1054 984 1118 jejunis
1000 1066 1050 1102 nou
1068 1052 1242 1116 probem,sed
1262 1052 1330 1117 quod

240 1139 311 1188 cenis
333 1137 401 1200 apud
424 1136 571 1186 Orientales
587 1137 764 1186 Christianos:
802 1146 835 1181 ex
846 1132 895 1180 hac
907 1131 1034 1179 libertatis
1052 1129 1190 1178 sDonriuo
1203 1129 1272 1177 datie
1281 1129 1330 1178 cir-

240 1209 766 1277 ςμῃγρυμένωςμὶνδςροσιὸνφῇδρθῇιίπει
802 1206 957 1255 cumcisione
975 1204 1000 1252 id
1012 1203 1156 1253 horninibus
1175 1203 1330 1253 incommodi

240 1286 346 1346 moreio
357 1285 394 1335 iri
406 1283 532 1345 ἑβδομάδας
545 1285 595 1347 iio,
613 1286 652 1338 nal
663 1285 766 1337 διδδσεε.
803 1280 920 1332 accidere
930 1278 1154 1339 animadverto,nt
1164 1277 1260 1340 sepius
1271 1292 1331 1340 pec·

241 1361 335 1419 rueris
351 1360 512 1410 irruisieiors
526 1359 567 1409 eoi
585 1358 658 1422 dolon
667 1363 766 1424 εδεγγε-
803 1362 873 1406 ceni.
905 1354 1021 1407 Quodsi
1040 1353 1331 1417 namquevelipsaje·

241 1437 298 1487 sion
313 1437 480 1499 παραδοθεῖσαν
498 1435 552 1498 ἡμῖν
574 1437 618 1485 dri
632 1439 675 1486 rori
690 1436 767 1501 sopior
799 1431 868 1496 junii
877 1437 978 1490 natura,
986 1428 1026 1477 rei
1034 1427 1176 1491 antiquitus
1187 1427 1333 1476 iuecclesia

241 1511 305 1575 ψ,
315 1511 394 1569 Ἰησοῦ
408 1511 508 1573 χριστοῦ
522 1510 662 1575 'possum
693 1513 766 1576 jeju.
803 1501 1331 1569 usurpstacousuetudorespiciatur,cogi

241 1585 366 1648 nlisergo
382 1593 523 1648 purgantur
540 1593 641 1650 myrto,
658 1595 686 1636 et
703 1586 766 1650 dog·
804 1595 852 1631 nec
863 1586 959 1644 potest,
969 1593 1017 1628 nec
1037 1576 1126 1627 debet
1159 1576 1331 1626 Nenenims

241 1661 311 1711 meta
330 1662 476 1710 Christiana
496 1661 613 1725 audiunt,
633 1663 659 1712 iu
685 1664 766 1728 lisque
804 1656 1045 1717 eibisabstiuentie,
1061 1653 1238 1703 nisiroluntas
1250 1652 1332 1705 libera

242 1736 404 1798 erudiuntur,
418 1743 471 1786 eta
485 1734 607 1787 irisarrrm
617 1738 766 1801 opinionum
803 1735 869 1783 hanc
879 1732 955 1798 quasi
963 1728 1126 1792 animaverit,
1135 1728 1263 1792 jejunium
1275 1733 1331 1776 est:

240 1811 361 1861 sordibus
393 1819 545 1875 purgantur,
570 1817 708 1878 autequam
734 1812 766 1862 ad
804 1809 885 1858 multu
898 1802 1274 1870 rerominus,qnumearniuur
1287 1814 1332 1849 esu

241 1883 397 1950 baptismum
417 1887 552 1937 accedant.
591 1888 686 1951 Mystae
707 1901 768 1950 ergo
804 1884 952 1945 interdicto,
969 1881 1075 1946 piscium
1098 1880 1239 1929 sliorntnve
1261 1878 1332 1927 cibo·

241 1961 303 2011 hunt
321 1961 504 2011 catechumeni
522 1961 570 2011 hoc
586 1964 658 2023 loco;
675 1968 703 2012 et
717 1962 768 2011 dno
806 1973 861 2008 runs
882 1957 981 2007 delicie
999 1956 1191 2019 permittuntur.
1222 1952 1332 2002 Nonits

240 2046 380 2099 sequentes
401 2050 488 2084 sersus
508 2035 672 2085 adversativa
689 2037 768 2100 parti·
806 2034 932 2094 Christus,
943 2047 993 2081 uon
1005 2032 1051 2081 ss.
1063 2031 1165 2079 Patres.
1198 2029 1332 2092 Iaegsutnr

241 2109 695 2172 enlseosabaptlsatisdistinguunt:
714 2109 770 2159 ‘At
805 2109 988 2168 Tertullianus,
1012 2106 1193 2169 Hieronymus,
1220 2104 1331 2153 Basilius

242 2196 290 2231 nos
302 2189 427 2231 eternum
439 2182 587 2232 cohibentes
598 2192 704 2246 pectore
716 2186 769 2232 cui·
805 2184 844 2235 M.
855 2184 1015 2243 Ambrosius,
1023 2182 1233 2246 chrysostomum
1251 2181 1332 2243 respi-

242 2262 309 2318 innt,
328 2257 545 2306 Intemeratorum
568 2256 619 2304 rim
637 2258 769 2307 contiuua·
805 2262 888 2313 cietur
921 2261 1044 2311 Ecclesia
1078 2259 1173 2308 veteris
1207 2257 1332 2307 Historia.

243 2337 298 2382 brus
325 2329 467 2379 honorum!
498 2331 682 2381 Cuteohumeui
706 2345 769 2382 sero
806 2336 878 2387 Pane
895 2342 922 2387 et
943 2342 1115 2402 aqur,atque
1131 2335 1171 2383 his
1189 2334 1331 2396 sepissime

243 2406 393 2455 ‘continuare
401 2419 451 2453 non
461 2411 591 2468 poterunt,
601 2405 644 2469 qui
656 2405 769 2455 nondum
805 2426 854 2462 non
867 2411 915 2461 nisi
926 2416 985 2476 post
997 2424 1117 2460 occasum
1134 2410 1221 2459 Solem
1233 2409 1333 2470 sumtis,

243 2480 436 2541 inchoaverant,
447 2494 496 2528 uec
507 2480 540 2529 ed
550 2494 649 2530 sacram
660 2482 769 2543 synaxin
801 2487 958 2552 jugibusque
970 2486 1090 2550 precibus
1108 2487 1218 2535 tolerata
1231 2485 1331 2548 jejunia

243 2562 271 2604 ¹et
288 2552 382 2616 δγάεην
398 2563 472 2604 erunt
490 2555 604 2604 admissi.
635 2557 770 2607 Bsiiiuidus
805 2558 1044 2626 deprehendemus:
1065 2561 1334 2624 eaqueinqusteroos,

241 2632 269 2681 irs
282 2630 342 2681 Not.
354 2631 508 2679 udi'ieouem
518 2630 675 2694 Smpmoeun.
703 2632 769 2682 Eru·
805 2651 890 2699 senos,
907 2638 1027 2700 pluresve
1039 2635 1105 2698 dies,
1122 2648 1170 2700 pro
1190 2634 1332 2698 cujuslibet

243 2707 300 2757 dita
311 2706 423 2770 quidem,
433 2714 460 2755 et
470 2706 548 2770 digna
558 2707 603 2756 iiio
613 2709 667 2757 viro
683 2708 769 2758 obser·
806 2711 900 2760 viribus
920 2725 950 2760 ac
972 2713 1113 2774 voluntate,
1131 2725 1162 2759 sc
1181 2711 1287 2759 tandem
1299 2709 1331 2757 ad

244 2783 314 2830 ratio
330 2780 364 2828 de
380 2781 487 2844 jejuniis
506 2781 769 2831 catechumenorum:
804 2786 868 2836 dutus
878 2795 1022 2851 quatuorve
1039 2787 1196 2849 septimanas
1212 2784 1333 2848 diemque

240 2860 294 2904 'non
315 2863 410 2919 tamen,
427 2862 454 2905 ut
467 2856 586 2917 arbitror,
603 2857 635 2905 ed
655 2863 769 2906 mentem
804 2861 1025 2925 quadragesimum
1037 2860 1174 2924 producta.
1197 2859 1332 2908 ilouachls

238 2928 343 2980 'Poitm
355 2930 770 2994 Namsi‘Mystar'Catechumeni,
804 2935 909 2985 taudem
928 2937 1042 2985 severius
1061 2936 1104 2984 ilia
1124 2949 1156 2985 ex
1176 2934 1335 2998 prescriptis

243 3019 293 3069 quo
305 3020 390 3070 queso
408 3014 485 3069 pacto
504 3012 602 3069 preter
613 3015 713 3057 eeteros
727 3008 768 3070 jc·
804 3012 900 3074 regulis
911 3011 1113 3072 celebrantibus,
1125 3009 1294 3071 cousuetudo,
1305 3015 1333 3058 et

239 3080 375 3144 iuuerunt,
386 3081 520 3145 quumjam
538 3082 770 3145 tumquadrngesi·
804 3095 864 3135 mox
886 3087 927 3135 lex
948 3088 973 3134 ln
996 3086 1134 3135 Ecclesium
1152 3084 1246 3134 finxit:
1276 3098 1332 3148 qna

244 3155 310 3203 mule
316 3156 444 3218 jejunium
459 3156 491 3204 ab
510 3155 628 3205 Ecclesia
639 3155 769 3206 fueritre·
804 3159 907 3225 quidem
928 3161 949 3208 si
969 3160 1128 3210 consuetudo
1151 3166 1263 3221 tautum,
1281 3173 1330 3208 nou

244 3229 363 3291 ceptum?
380 3229 449 3278 Num
458 3230 630 3293 antequidens
643 3231 769 3280 Constan·
804 3248 866 3283 rero
877 3235 919 3283 lex
931 3243 1009 3294 esset,
1021 3234 1160 3297 improbari
1181 3234 1223 3282 rix
1243 3232 1333 3297 possit,

242 3303 291 3352 tini
317 3309 434 3366 tempora
457 3303 591 3366 ieiunium
617 3306 769 3355 Christisuls
805 3309 854 3358 nisl
870 3324 928 3358 euru
946 3324 996 3359 uon
1016 3319 1097 3371 recte,
1113 3323 1164 3358 nec
1179 3311 1332 3374 errantique

243 3379 362 3441 liberum,
374 3393 422 3428 nec
432 3380 483 3427 ulla
495 3380 600 3442 rellego
611 3382 651 3429 rei
663 3394 770 3432 cousue-
805 3382 916 3432 formula
936 3385 1094 3433 observatur.
1140 3385 1218 3434 Nunc
1246 3393 1331 3434 autem

242 3451 344 3513 tudine,
355 3466 412 3516 que
433 3451 495 3514 legis
510 3453 592 3502 instar
602 3460 650 3516 est,
660 3454 770 3505 adstrie·
804 3461 1009 3524 quotusquisque
1039 3465 1126 3508 serrat
1147 3458 1264 3522 jejunia?
1290 3460 1333 3507 rix

240 3533 299 3575 turn
316 3525 375 3588 init,
385 3532 413 3575 ut
424 3540 457 3575 ex
473 3528 633 3578 Tertulliano
648 3529 770 3581 discimus
806 3534 868 3584 alies
887 3534 1008 3584 libentius
1029 3534 1130 3598 plurimi
1151 3542 1264 3586 omnent.
1297 3534 1333 3584 Ar

244 3610 336 3653 contra
347 3601 496 3665 Psychicos.
526 3602 564 3652 rit
573 3611 709 3667 postquam
718 3606 770 3654 dis·
805 3613 865 3677 quis
876 3614 916 3659 lex
928 3619 979 3674 ert,
987 3612 1047 3661 hinc
1058 3625 1090 3661 ex
1101 3611 1266 3661 inobservata
1276 3612 1334 3676 lege

243 3679 323 3753 cussis
344 3679 552 3741 persecutionum
572 3682 770 3744 tempestatibus
805 3694 960 3752 peccatum:
985 3688 1028 3736 uhi
1048 3702 1110 3737 sero
1128 3689 1229 3751 peccati
1249 3686 1331 3737 fomes

242 3760 336 3803 terena
347 3755 417 3818 pacis
437 3756 621 3819 tranquillitate
628 3754 680 3806 frui
692 3760 771 3823 erepit
806 3771 834 3813 et
846 3776 931 3825 causa,
944 3778 1000 3827 quae
1012 3765 1143 3813 charitas?
1160 3765 1181 3812 si
1194 3778 1243 3814 uon
1257 3765 1332 3814 sdest

242 3829 372 3891 Ecclesia,
386 3829 535 3879 libertatem
553 3831 579 3879 iu
590 3846 618 3880 se
629 3833 725 3893 vertit3
742 3841 771 3883 et
806 3838 997 3902 charltas‚quid
1009 3838 1042 3887 de
1061 3852 1122 3887 rere
1142 3839 1261 3889 Ecclesia
1274 3853 1332 3902 pro·

241 3921 301 3970 ques
315 3906 441 3970 respirare
459 3906 719 3968 debueret,humsuis
731 3924 769 3959 se·
804 3912 997 3961 nunciabimus?
1029 3922 1146 3963 materne
1164 3928 1198 3962 uu
1219 3928 1332 3962 noverca

242 3992 298 4032 met
317 3984 411 4045 regulis
431 3991 459 4033 et
477 3986 701 4035 constitutionibus
716 3997 770 4037 tsn-
805 3987 915 4037 dicenda
936 3988 996 4045 erit,
1016 4002 1073 4051 qua
1096 4001 1173 4052 quum
1200 3990 1332 4054 complura

241 4065 298 4107 tum
308 4074 358 4108 nou
368 4057 513 4110 suffocavit.
546 4061 769 4126 Sireillsssuper·
805 4063 886 4125 possit
902 4076 991 4112 arcere
1012 4070 1117 4126 peccrtr
1129 4063 1291 4114 admonendo
1307 4072 1333 4112 et

245 4133 402 4185 uitiosorum
414 4135 541 4185 hominum
553 4136 705 4199 simplicitas
722 4139 769 4187 snb
806 4136 972 4195 cohortando,
986 4137 1105 4199 jubendo
1125 4137 1194 4188 tilios
1215 4141 1329 4204 peccetis
