2804 4764
373 287 459 354 1004
716 303 823 352 noun
848 302 1046 352 vautonun
1072 302 1111 351 ru

373 442 504 494 scribitur.
537 442 575 492 Ut
586 441 731 506 importune
742 457 787 492 eoa
804 441 898 491 iecisse
934 441 1035 502 labum;
1053 442 1094 492 rel
1105 441 1253 505 conjunctio
1265 443 1323 505 ipsa
1335 445 1378 493 sed

372 526 504 584 potemus,
518 519 562 582 qui
589 518 830 580 interpretationem
859 533 897 568 re·
934 517 1030 578 lieoda,
1045 531 1120 581 qoam
1133 518 1340 580 interposuerint
1351 519 1402 569 for

373 602 486 645 trectare
514 594 579 657 ausi,
605 593 725 655 cadaver,
753 601 898 642 verterunt.
934 592 1008 642 inscii
1028 593 1053 642 Τ
1072 593 1172 642 literam
1191 593 1331 642 Veteribus
1352 608 1401 644 con

371 673 507 724 Amanus.
933 681 992 719 nem
1004 669 1145 718 exstitisse.
1176 669 1291 720 Quorum
1313 670 1393 720 etiam

403 745 651 809 Habetaepuicimm]
668 743 738 794 Huic
755 744 838 795 simile
859 752 899 795 eat
934 744 976 794 uio
987 744 1047 804 suit,
1063 745 1132 793 viros
1143 759 1297 810 quocunque
1314 747 1402 797 merit=

370 823 435 874 iilud
462 822 527 871 llbm
555 822 632 871 tertio
661 820 842 885 totuotogta:
869 823 898 872 ¹0
934 833 1029 882 genere
1050 821 1162 884 insignes
1184 836 1235 870 oon
1259 822 1364 885 quidem
1400 848 1402 866 .

371 897 460 960 ripam
486 893 555 947 ciros
578 895 642 946 lator
666 896 709 946 oia
733 895 784 958 ἔχει
809 896 897 961 νεκρόν.
934 894 980 943 sed
992 894 1018 943 in
1030 895 1149 946 slialooa
1161 894 1396 960 transformando}

371 976 401 1024 ὀ
418 973 496 1038 mois
513 971 580 1025 siros
600 973 666 1024 laris
683 975 725 1023 oisc
744 973 794 1036 lxo
813 972 896 1037 τάφον.
934 978 1101 1020 commutare.
1144 971 1367 1023 Considerandum

370 1050 600 1102 Ἀλλόὺνὸςοὺτοῦ
615 1050 897 1116 ruptuloraxairdpos.
934 1054 1016 1108 terea,
1036 1048 1200 1111 Epigramma
1221 1048 1304 1112 ipsurn
1330 1064 1346 1099 a
1369 1050 1394 1101 G

372 1134 488 1185 Quorum
504 1133 656 1183 Graeoorom
674 1140 767 1182 auctor
783 1146 833 1182 non
853 1147 898 1182 no·
933 1132 1064 1187 ⁸¹¹¹¹¹l²¹¹¹¹¹¹
1075 1125 1236 1186 “imfimo
1252 1125 1388 1190 (luiblffllv

371 1206 518 1256 minaturin
535 1208 795 1273 eoEpigrsmruatum
813 1209 896 1258 libro:
935 1199 1031 1249 1111111111
1047 1201 1088 1249 1111
1099 1201 1248 1250 immittit·
1280 1202 1399 1266 Stltepa

372 1281 418 1333 sed
431 1281 549 1345 Agstltie
559 1283 718 1334 Scholastico
728 1284 850 1333 attribuit
861 1284 898 1333 in·
935 1291 966 1327 tc
993 1277 1088 1341 lepide,
1113 1291 1199 1342 nequa
1232 1278 1316 1327 minos
1351 1293 1397 1328 cro

370 1366 473 1423 terpres
491 1360 604 1410 Electrae
624 1360 758 1425 Sophoclis
779 1361 897 1411 Gneus.
934 1367 1008 1418 quant
1021 1352 1225 1423 gravitati-ulai
1236 1353 1299 1411 «tor,
1310 1354 1375 1405 tim
1389 1380 1401 1393 ..

372 1435 425 1487 (ini
447 1437 468 1485 si
491 1451 541 1486 non
560 1436 636 1498 follit,
658 1443 686 1487 et
706 1436 832 1500 Agatlriar
854 1438 897 1486 ilie
936 1428 1039 1491 menos
1059 1431 1124 1491 cipe
1150 1429 1297 1493 domnam
1316 1432 1364 1480 ‘roi
1388 1443 1392 1470 1

371 1512 541 1561 Scholasticna
553 1519 603 1576 cst,
623 1527 698 1576 quem
717 1512 799 1561 Pauio
815 1513 898 1561 Silen·
934 1504 1162 1564 'Abiitssittim
1170 1505 1380 1571 supponimus

372 1586 449 1636 tiorio
468 1595 496 1637 et
511 1588 665 1638 Triboniano
686 1588 811 1653 aqualem
833 1588 899 1638 iacit
936 1582 1076 1634 rbos'airi.
1112 1583 1234 1636 toarcis.
1252 1583 1298 1634 ‘os
1311 1583 1379 1633 altor

370 1662 473 1726 suidas,
490 1664 688 1728 quiJustiniauo
700 1665 817 1727 principe
829 1664 897 1713 vixe-
936 1659 1075 1761 llnixdls.
1095 1664 1135 1711 νῦν
1151 1660 1177 1711 tl
1193 1660 1267 1711 duabu
1282 1660 1384 1725 doripas

371 1745 441 1802 runt,
457 1740 562 1790 certain
573 1741 828 1804 plnscentumannis
839 1755 897 1804 pos·
936 1733 995 1797 lxo·
1010 1735 1146 1786 Ammius·

372 1816 454 1864 terior
472 1815 553 1867 fuerit
570 1817 696 1879 Ausonio,
712 1817 754 1880 ont
775 1831 803 1866 se
824 1817 896 1880 dicit,
968 1815 1024 1862 Nost
1034 1813 1101 1874 obiit,
1116 1814 1157 1862 sed
1167 1811 1239 1874 ciiii]
1256 1812 1396 1876 ignoranti

371 1891 502 1942 Gratiano
524 1893 626 1942 cacare
655 1893 791 1943 Consulem
817 1891 897 1943 luisse
935 1889 1033 1938 olorum
1057 1890 1125 1938 bunc
1154 1889 1239 1939 locum
1267 1888 1390 1951 corrupit,

366 1969 423 2033 jam
434 1984 538 2019 seuam:
557 1976 585 2018 et
597 1969 635 2019 sic
646 1967 769 2032 Agathino
781 1969 897 2030 Ausonii,
933 1967 1081 2015 nescierunt
1093 1965 1194 2015 ultimas
1202 1965 1229 2013 in
1238 1963 1338 2026 ‘obiit,'
1348 1965 1356 1992 ‘
1366 1971 1402 2014 re

372 2060 422 2095 non
433 2053 523 2094 contra
541 2045 667 2094 Ausonius
679 2044 799 2108 Agatbiae
818 2047 896 2096 inter·
933 2042 1046 2105 ‘subiit,'
1061 2050 1090 2091 et
1111 2041 1235 2091 similibus
1255 2040 1375 2102 produci,

370 2133 432 2182 pres
449 2134 505 2168 essa
520 2119 623 2181 poterit.
655 2119 730 2171 Quod
749 2120 780 2168 de
793 2121 898 2170 Pallada
934 2119 1031 2168 uocalis
1048 2127 1179 2182 sequatur.
1222 2118 1264 2165 Dc
1287 2115 1381 2180 quibus

371 2207 473 2256 quoquc
495 2193 658 2255 probavimus
684 2194 711 2243 in
733 2195 898 2258 Epigramma
934 2209 991 2259 qum
1003 2194 1104 2243 notauit
1115 2194 1153 2241 uir
1163 2192 1347 2256 elegantissimi
1365 2192 1391 2240 iu

371 2270 554 2331 octogesimum
567 2271 694 2332 quintum.
715 2269 822 2320 Vinctus.
933 2278 963 2320 et
973 2268 1125 2318 eruditionis
1136 2282 1240 2318 summu
1253 2269 1375 2318 Nicotaus
1392 2295 1400 2312 .

405 2346 523 2394 Now.
556 2345 643 2393 illoc
655 2346 896 2409 pereuridsiclmo
933 2345 985 2396 siua
1004 2344 1038 2395 ed
1054 2343 1133 2395 Ouid.
1151 2344 1257 2393 lleroid.
1274 2344 1357 2406 Epist.
1370 2356 1400 2393 vt

371 2420 466 2469 Didoni
485 2434 595 2484 namquo
614 2420 721 2469 maritus
738 2419 788 2470 fult
799 2421 899 2471 Sichar·
935 2433 1016 2474 mr.
1048 2420 1115 2469 iiiuc
1127 2421 1283 2469 interserunt
1291 2417 1402 2469 rbsed:

372 2496 427 2556 bas,
442 2497 506 2559 sive,
526 2504 556 2546 ut
575 2497 698 2560 Virgilius
720 2498 842 2561 appellat,
857 2497 897 2547 Si·
934 2511 974 2559 ao,
991 2495 1057 2545 uude
1069 2497 1162 2545 malurn
1174 2494 1267 2558 pedem
1286 2495 1383 2557 retulit,

371 2574 457 2623 cbaeus
478 2573 634 2623 ‘ditissimus
655 2574 709 2636 agri
728 2573 897 2622 Phoenicum?
933 2572 1062 2635 cientium,
1077 2581 1104 2621 et
1122 2572 1300 2623 scribendum:
1317 2571 1375 2621 Noa
1396 2598 1399 2610 ι

370 2649 463 2698 Frater
473 2647 633 2711 Pygmalion,
642 2647 705 2711 Tyri
715 2662 771 2707 rex,
782 2649 897 2696 ‘acelare
932 2649 1000 2700 notu.
1018 2651 1145 2700 Graevius.

371 2722 754 2784 aoteattostnmantoromner:
765 2722 809 2787 qui
819 2736 896 2786 quum
965 2726 1012 2775 Sed
1027 2727 1088 2791 obit]
1104 2727 1188 2778 Quum
1199 2728 1207 2754 ⁴
1220 2724 1304 2775 abire'
1319 2739 1390 2788 sepe

369 2800 495 2849 Siclroeunr
517 2800 634 2862 ‘impius
652 2806 713 2847 anta
732 2812 797 2860 aras,
818 2806 896 2861 atque
933 2803 1038 2865 pliciter
1056 2809 1175 2865 ponatur,
1193 2815 1263 2866 sepe
1285 2801 1356 2850 ‘rita
1374 2816 1401 2850 a·

369 2874 425 2924 auri
446 2889 530 2925 caecus
552 2873 656 2934 amore‚'
674 2874 741 2923 clam
764 2873 894 2922 incautum
931 2880 1070 2942 scribatur,
1084 2896 1132 2943 pro
1150 2880 1241 2930 ‘obire
1260 2883 1385 2942 intortum,¹

368 2953 514 3016 occidisset,
522 2960 549 3002 et
560 2953 608 3002 sibi
621 2953 653 3002 ab
665 2967 696 3002 eo
704 2951 772 3001 Dido
784 2952 896 3013 timeret,
933 2960 986 3004 tum
998 2964 1047 3013 est,
1065 2963 1093 3005 ut
1103 2956 1229 3004 Veiiaium
1241 2957 1365 3005 hactenns
1380 2968 1398 3017 g

372 3029 552 3094 nariboaopea
563 3044 621 3078 suas
635 3029 701 3078 olum
720 3028 851 3091 imposuit,
868 3036 895 3077 et
931 3031 1050 3080 tuendum
1062 3031 1201 3093 obsederit,
1217 3030 1285 3096 quod
1299 3031 1354 3093 jam
1366 3038 1394 3078 to

368 3118 426 3153 cnm
448 3105 536 3168 amicis
555 3106 580 3154 ln
592 3104 706 3154 Africam
728 3103 803 3167 fugit.
836 3105 894 3152 Vir·
932 3106 959 3154 in
982 3107 1093 3155 animum
1115 3106 1221 3156 induxi:
1240 3106 1305 3156 libro
1326 3119 1359 3155 tr.
1378 3104 1395 3154 d

368 3179 444 3244 gilius
454 3181 536 3243 prirno
547 3180 677 3243 AEneidoa,
693 3180 822 3244 Justinus,
836 3181 894 3230 Ser·
931 3182 984 3233 ‘At
995 3183 1108 3232 Catilina
1119 3198 1169 3232 non
1184 3183 1287 3246 segnius
1305 3191 1366 3232 vota
1382 3197 1399 3233 o

368 3255 433 3319 sins,
449 3264 477 3306 et
488 3257 539 3306 aiii.
551 3256 665 3309 ,Vinctum
931 3275 1006 3326 qnam
1017 3260 1122 3309 sceleris
1141 3259 1251 3309 conandi
1270 3258 1376 3308 consilia

401 3331 455 3380 Hoc
463 3331 588 3394 Μινύα]
603 3331 690 3380 AEuea.
715 3330 767 3380 Sed
777 3331 826 3380 boc
838 3346 894 3381 essa
931 3337 991 3387 rat.¹
1024 3339 1112 3401 Lege:
1137 3351 1183 3386 aon
1204 3336 1298 3398 segniae
1319 3327 1374 3384 eiad
1395 3366 1397 3376 s

367 3416 539 3458 commenlttitt
551 3408 664 3470 Virgilii,
679 3408 736 3468 ipsa
745 3407 812 3455 dlxii
823 3407 894 3455 Dido
930 3414 1025 3477 Liquet
1038 3427 1070 3461 ex
1087 3427 1160 3476 seqq,
1181 3413 1295 3476 ‘qnippe
1316 3409 1379 3460 forti
1399 3448 1401 3451 .

367 3485 509 3533 centesimo
527 3483 627 3533 decimo
648 3491 739 3531 octavo
758 3483 891 3546 Epigram·
929 3488 1131 3550 diminuam.
1165 3487 1230 3536 Hoec
1240 3486 1284 3536 ubi
1293 3485 1392 3549 scripse

365 3568 473 3610 1111111111·
490 3561 565 3609 Mem·
929 3564 1185 3616 cxadditisvcllelo
1201 3563 1228 3612 in
1245 3561 1364 3625 Lipsiaua
1389 3594 1397 3602 u

398 3637 517 3685 Nfflss·
551 3633 717 3698 lDl'⁰·⁶‘¹¹¹⁸'⁸]
733 3635 831 3685 Scribit
846 3635 891 3685 ili·
928 3655 978 3691 one
1001 3640 1156 3690 variantibus
1183 3637 1339 3689 lectionibus
1359 3637 1402 3687 ΑΙ

365 3725 461 3773 ogenea
482 3710 598 3760 Laertius
618 3711 761 3774 Diogenem
780 3713 892 3776 philoso-
928 3717 1044 3781 ejusdem
1077 3731 1176 3767 mecum
1207 3715 1342 3765 sententiae
1376 3713 1397 3763 f·

365 3785 443 3852 pinum
453 3786 576 3850 Cynicum
581 3787 659 3850 jnnta
667 3788 780 3837 Corinthi
790 3796 890 3851 portam
927 3795 1073 3858 comperioe
1090 3807 1166 3858 quam
1177 3807 1242 3856 quur
1253 3791 1396 3856 improbat

363 3865 491 3928 sepultum
518 3860 606 3924 l'ulsse,
628 3878 684 3928 quta
710 3864 736 3911 in
764 3864 890 3914 Isthmum
927 3868 975 3917 siri
1001 3868 1080 3931 docti,
1114 3883 1166 3917 non
1193 3867 1278 3916 video.
1325 3867 1401 3916 nno

362 3939 475 3990 serebat.
508 3939 617 4003 Cippuor
634 3953 714 4002 super
735 3953 792 3987 eum
810 3947 890 3989 statu·
926 3944 1092 3994 Marcellinus
1108 3943 1151 3993 lib.
1163 3954 1224 3994 xxi.
1238 3941 1271 3992 de
1287 3943 1400 3992 Constan

363 4023 428 4080 tom,
445 4025 473 4066 et
483 4030 561 4081 super
571 4015 652 4079 ipsum
664 4029 754 4065 canam
766 4030 800 4064 cx
810 4018 889 4068 Pario
925 4019 1044 4084 ‘Diuque
1053 4034 1110 4070 curn
1130 4019 1213 4068 auium
1228 4017 1383 4068 collucta'tus

363 4101 500 4142 marmora.
534 4091 684 4155 Huncergo
702 4105 793 4141 canem
812 4092 890 4144 lotar·
924 4094 1078 4153 discentum.
1096 4095 1305 4165 abiitevitaru.
1318 4094 1389 4145 Non.

363 4173 440 4229 rogat
449 4167 541 4233 hospes
551 4167 683 4233 quispiam·
704 4166 809 4219 i'iuetss.
925 4170 1000 4221 tobr!
1030 4170 1203 4221 Tertullianus
1221 4168 1375 4223 ds'l'estlm.
1398 4195 1400 4201 ¹

394 4239 554 4307 imam]
572 4242 719 4309 lugendum
730 4243 888 4311 sbit‚dissyl·
924 4261 982 4312 me,
999 4262 1023 4298 c.
1035 4260 1073 4298 tv.
1088 4245 1172 4299 ‘Nan
1191 4245 1263 4312 side
1281 4247 1396 4315 siiqooj
