2804 4764
218 298 284 370 982
569 309 676 360 uuum
702 309 898 360 usuronuu
922 310 960 359 sn

222 456 434 519 Cuckotlsrssus,
454 469 512 520 quse
530 453 638 504 Comitis
651 453 745 503 serinii
781 452 921 516 pheretrse,
937 452 1033 515 mullei,
1049 450 1146 515 clypei,
1157 450 1312 515 reliquoque

220 549 268 585 srx
288 542 317 583 et
332 531 408 582 sedes
427 531 487 580 belli
503 537 552 591 est,
571 529 745 592 pervenimus.
782 528 808 576 id
819 542 900 591 genus
910 543 999 577 urmes
1012 541 1120 591 quorum
1130 526 1312 588 tumensplen·

221 610 316 661 Omnis
326 608 382 657 bec
399 607 471 670 regio
486 605 632 668 cumprimis
649 601 747 652 foecun-
782 602 871 652 dorem
889 601 973 666 fulgor
989 604 1121 652 scinncuns
1132 604 1312 652 Demsseeuo·

222 685 266 746 ds,
292 690 321 733 et
341 681 423 733 omnis
453 679 574 729 frumenti
605 677 747 743 optimique
784 679 1000 741 rnmsuperebet.
1019 676 1313 741 Ersntiniis,quorum

222 759 278 809 riui
304 756 465 807 feracissime
494 762 550 805 ests
576 753 748 816 videnturque
784 755 1313 818 crpulunureargentoqueernetornetes

222 835 304 885 ceres
331 840 359 882 et
385 831 494 880 leccbns
520 829 672 890 certavisse,
690 835 749 877 uter
784 828 941 892 quorundum
965 830 1064 892 ungine
1082 827 1188 877 insertis
1204 827 1314 889 μωιιίι

222 910 367 958 bunuorum
379 907 405 954 in
414 905 523 954 tutelsm
531 917 601 953 susm
609 903 748 967 reciperet.
785 904 898 953 illustres
908 905 1040 954 oculorum
1054 903 1136 953 eciem
1148 903 1315 965 prestringe·

221 982 338 1034 Emollit
360 981 428 1030 iuter
449 980 508 1029 sine
532 979 751 1041 bambergense,
787 979 856 1029 bsut.
888 979 985 1029 Videre
997 986 1051 1028 eret
1065 979 1092 1028 in
1104 978 1178 1026 striis
1187 990 1314 1040 suspense

224 1058 300 1121 enjus
311 1070 369 1106 cum
379 1070 455 1119 sopor
466 1056 556 1119 quovis
566 1056 643 1104 melle
651 1054 751 1103 dulcior
788 1055 890 1115 senilis,
903 1070 959 1117 quse
972 1068 1004 1103 ex
1018 1054 1110 1103 Turcis
1121 1059 1210 1115 eapte,
1221 1052 1315 1100 multo·

222 1134 270 1197 sit,
283 1147 333 1199 qus
345 1133 371 1180 iu
383 1146 411 1180 re
424 1130 572 1194 llispsuicis
582 1129 647 1178 uiuis
658 1128 751 1178 cedere
788 1143 839 1192 qne
859 1129 982 1192 sunguine
1002 1126 1110 1189 fredeis,
1128 1140 1180 1176 non
1197 1126 1317 1176 meroen·

224 1210 331 1269 debent,
341 1209 441 1257 nescire
452 1220 492 1256 mc
504 1205 636 1270 profiteor.
678 1206 751 1253 Cele·
790 1211 841 1252 tem
852 1218 934 1266 neque
945 1204 1074 1252 imbellem
1090 1202 1225 1250 victorium
1237 1201 1318 1249 deno·

226 1285 272 1334 bre
283 1291 311 1334 et
321 1285 347 1332 iu
356 1283 506 1342 Croutic,et
516 1282 541 1331 iu
556 1281 670 1340 Austris,
679 1280 752 1328 nlibi·
790 1282 888 1330 tnbsut.
917 1281 1129 1331 Moustrsbnutur
1137 1278 1234 1328 ibidem
1242 1278 1318 1327 tubu-

226 1371 286 1423 (με,
308 1357 484 1420 Hungsricum
506 1356 592 1404 riuum
613 1362 664 1416 est,
684 1353 753 1418 quod
791 1357 833 1418 le,
856 1357 883 1404 in
904 1357 961 1420 quis
985 1370 1024 1405 res
1053 1355 1158 1405 sortiter
1177 1368 1193 1404 ι
1214 1353 1317 1403 l'emite

226 1433 261 1483 sb
276 1433 413 1497 sdjscente
427 1433 527 1481 Tokeiro
537 1444 676 1494 cognomen
688 1428 754 1478 ecci·
792 1439 873 1494 gestie
882 1429 1087 1493 depictaeersnt.
1113 1430 1193 1478 Unius
1201 1427 1319 1488 memini,

228 1509 286 1573 pits
303 1521 392 1557 rernm
411 1521 468 1556 mee
495 1504 599 1569 quidem
625 1503 755 1553 sententis
791 1506 819 1555 iu
829 1521 880 1570 qun
889 1505 1027 1568 respiciens
1035 1511 1115 1568 espnt
1123 1505 1214 1553 Turre
1224 1503 1319 1566 praeci·

227 1584 279 1634 boe
297 1582 401 1645 fortius,
418 1589 447 1630 et
457 1580 489 1630 sd
500 1577 674 1639 inebrisndos,
691 1577 755 1626 illud
792 1581 841 1643 dit,
852 1581 894 1645 qui
907 1581 1055 1644 prehensos
1065 1579 1235 1642 tergossgulo
1247 1577 1319 1627 elsts

228 1658 332 1708 suevius
354 1665 382 1707 et
406 1657 439 1705 sd
463 1653 617 1704 recreandos
640 1651 755 1702 huntiuet
793 1656 885 1706 dentre
904 1663 1013 1705 mortem
1035 1654 1189 1703 minebstur.
1222 1654 1319 1704 Fsersl

232 1733 368 1796 provenire
387 1729 523 1781 dicendum
539 1736 587 1778 cst.
620 1727 756 1778 Initiuers
793 1732 842 1781 lroc
853 1732 961 1794 primum
975 1731 1063 1794 juveni
1074 1729 1173 1778 militi·
1190 1729 1321 1778 rudimen·

232 1809 275 1858 six
301 1806 441 1872 quidquem
467 1805 517 1854 uisi
548 1802 756 1865 Roelselsbergusr,
794 1814 866 1856 tum:
888 1821 920 1856 ex
937 1821 988 1856 suo
1004 1805 1076 1855 disee
1093 1814 1190 1854 cetere.
1221 1805 1321 1862 Tertio,

230 1881 301 1946 quod
307 1880 457 1945 oppidulum
465 1877 757 1944 potiusquemoppidum
795 1891 929 1949 quartoue,
945 1898 979 1933 ex
988 1897 1039 1948 quo
1050 1897 1213 1944 veneremur,
1220 1882 1262 1931 die
1273 1883 1319 1933 dc·

228 1955 369 2006 dicendum
378 1962 429 2016 est,
437 1956 523 2004 oculos
531 1953 757 2005 nostrossdrertit.
795 1959 867 2010 ducii
886 1974 972 2009 mmm
991 1961 1017 2008 ln
1034 1959 1226 2020 bibliothecam,
1242 1972 1320 2022 qum

231 2030 381 2083 Monstretu
400 2037 441 2078 est
460 2029 520 2076 mibi
541 2043 555 2079 e
573 2027 758 2092 longinquosb
795 2035 921 2098 insignem
938 2042 966 2084 er
982 2034 1051 2084 omni
1063 2034 1183 2084 librorum
1194 2033 1323 2095 cepisse·

126 2146 129 2151 .
231 2100 409 2155 illustrissimo
425 2103 526 2152 Comile
545 2103 695 2153 Stridmiuss
714 2117 758 2165 ΡΙ·
796 2111 889 2160 sertem
901 2110 1026 2160 bibebat:
1043 2110 1141 2160 indeiu
1152 2118 1322 2161 srmsments·

233 2179 286 2229 tris
308 2179 336 2228 S.
356 2177 514 2240 Hieronymi,
533 2177 565 2227 sd
581 2192 685 2226 menum
695 2177 759 2226 dex·
797 2186 961 2250 rium-qnod,
972 2187 1042 2237 ultr·
1056 2200 1132 2251 quam
1142 2187 1324 2250 credipotest,

232 2261 299 2304 trem
312 2253 471 2302 Corinthium
481 2266 577 2302 uersus.
595 2253 645 2303 Ubi
658 2254 760 2301 czecke-
798 2261 876 2311 aneis
893 2263 1037 2323 tormentis,
1057 2261 1213 2324 bombardis,
1231 2263 1324 2320 inustis,

233 2329 347 2379 “mn
379 2327 588 2391 ¹l>l³¹⁰lii¹²il⁰⁸f⁰
626 2327 759 2391 coelllfflssb
797 2337 955 2398 scinsoibns,
966 2339 1210 2402 miisquesuuorum
1220 2341 1324 2402 mneri-

235 2405 304 2455 ubsii
314 2402 387 2453 fuere
398 2403 515 2453 admissis
531 2403 604 2466 equis
615 2405 760 2468 complures
799 2415 845 2464 m„
865 2416 1030 2464 mmmmm,
1063 2415 1184 2466 amem
1196 2417 1256 2466 mic
1275 2417 1323 2465 hu.

229 2479 421 2544 speculantes,
436 2479 481 2542 qui
495 2480 622 2528 Comitem
631 2480 760 2528 Scrinium
798 2490 912 2538 mmmm
923 2491 1105 2553 ,mmmmm
1114 2493 1266 2553 ..eurtum
1276 2509 1325 2541 mc

235 2557 638 2622 deadpropinquutiouisnoslrae
649 2572 761 2606 momen·
798 2564 926 2625 μηλωθήη
947 2573 1045 2630 ψη,
1060 2567 1086 2616 in
1101 2568 1324 2631 qnnpmtmlin

236 2633 270 2683 ii!
281 2633 418 2683 celliolem
435 2630 561 2681 swerent.
593 2631 686 2696 ltdqllb
703 2645 760 2680 clim
798 2640 865 2689 haud
887 2641 1033 2704 spernenda
1054 2644 1233 2692 numismatum
1257 2643 1325 2691 nnti-

235 2711 307 2760 mille
327 2710 432 2760 circiter
449 2723 538 2772 pessus
554 2708 760 2769 obessemnsmc·
799 2729 907 2778 quorum
926 2716 1008 2778 copie.
1040 2717 1105 2766 Erst
1120 2717 1147 2765 iu
1163 2717 1194 2766 iis
1213 2716 1325 2766 Alenu-

238 2788 319 2836 currlt
336 2783 416 2833 Affini
437 2797 485 2833 suo
505 2783 599 2833 Comiti
621 2784 763 2845 Pottiugio,
800 2789 848 2839 der
868 2791 979 2852 Magnus
997 2805 1030 2840 ex
1052 2805 1114 2840 sure
1130 2797 1158 2840 et
1174 2799 1326 2851 ere,ernnt

237 2871 306 2922 equo
327 2865 426 2919 vectus,
453 2859 521 2909 omni
545 2860 641 2908 circum
665 2858 762 2908 funium
801 2867 918 2917 ottones
929 2867 1055 2930 argentei,
1065 2868 1196 2927 visellius,
1206 2867 1327 2930 ovidius,

237 2932 328 2982 itidem
351 2934 377 2982 iu
398 2935 471 2999 equis
492 2943 683 2998 prosequente:
704 2949 763 2984 mox
802 2941 936 3002 llorstius,
954 2942 1112 2991 Pescennius
1133 2944 1224 3006 Niger,
1241 2943 1328 2992 multi·

239 3009 342 3060 dimisso
358 3025 426 3075 equo
442 3013 510 3060 iuter
521 3018 620 3061 mutuos
631 3013 763 3075 ampiexus
800 3031 851 3081 qne
862 3017 906 3065 elii
916 3016 1038 3081 (quornm
1051 3018 1144 3068 nummi
1154 3018 1281 3082 rariores)
1292 3032 1327 3069 ex

239 3086 266 3135 lu
284 3100 386 3135 cnrmm
403 3085 569 3150 adscendens,
584 3101 632 3151 per
651 3087 764 3150 digestas
803 3105 865 3142 ere.
898 3091 1086 3157 Erenteffigies
1103 3092 1327 3156 Regum,1’rioci·

240 3161 350 3211 militum
366 3161 489 3210 stationes
505 3163 532 3210 iu
549 3163 673 3224 peletium
685 3161 764 3210 dedu·
803 3168 1328 3231 pum,clsrommqueriromm,minutset

240 3237 286 3287 eit.
326 3237 390 3286 Erit
410 3236 436 3284 id
459 3234 535 3284 valde
552 3237 714 3299 splendidum
737 3245 765 3285 et
803 3241 940 3290 orbiculari
960 3240 1051 3299 forms,
1068 3251 1151 3305 torno,
1163 3243 1330 3307 utsuspioor,

239 3312 361 3375 emplum,
383 3311 539 3373 egregieque
560 3317 651 3360 contre
670 3312 765 3361 'iures-
802 3317 951 3366 elaboretur.
982 3318 1196 3368 Monstrsbeutur
1204 3318 1329 3381 rnibiproe

242 3401 298 3436 rum
311 3387 361 3434 rim
372 3385 507 3446 munitum,
519 3384 704 3434 circumdetum
716 3385 766 3435 ser·
804 3392 899 3440 ceteris
921 3391 1019 3456 effigies
1040 3394 1148 3443 Muttini
1169 3393 1279 3444 Lutberi
1299 3401 1330 3444 et

242 3475 283 3511 me
294 3475 328 3510 ex
339 3461 406 3509 omni
419 3467 491 3522 purte
506 3457 608 3521 palude,
618 3474 677 3522 quae
695 3460 766 3509 cuni·
805 3467 890 3515 uxoris
900 3468 1046 3517 Cstlrsriuse
1055 3483 1178 3533 perquem
1187 3470 1330 3534 elegentes.

242 3538 313 3588 culos
331 3541 441 3585 moeret.
472 3534 557 3582 Unum
574 3534 641 3583 letus
657 3542 767 3596 tuntum,
804 3541 870 3591 lude
882 3542 993 3605 digressi
1009 3543 1037 3593 in
1054 3545 1141 3594 bortos
1152 3545 1260 3595 Comitis
1270 3557 1330 3608 per·

242 3612 312 3677 quod
329 3624 424 3674 pagum
440 3615 600 3672 prospectet.
618 3609 700 3658 solido
711 3611 766 3660 solo
805 3616 1333 3681 reximus,qnorumnimremelegsnusn-

190 3735 193 3740 .
242 3688 370 3747 inuititur,
387 3699 420 3734 eo
430 3684 536 3733 firmiori
552 3696 631 3747 opere
642 3685 767 3748 precinc·
805 3707 854 3756 que
877 3693 962 3741 verbis
981 3694 1130 3756 exprimere
1149 3708 1200 3744 uon
1217 3708 1331 3757 poseium

243 3775 307 3815 tum.
340 3762 499 3812 Mirnbemur
520 3760 546 3809 iu
565 3767 638 3810 tentn
659 3762 767 3812 circum·
805 3765 959 3829 Assequeris
979 3774 1007 3816 tn
1030 3766 1146 3818 fortensis
1162 3769 1332 3832 cogitatione,

239 3842 367 3906 lecturum
385 3838 516 3888 notionum
531 3837 648 3887 herberie
659 3839 768 3888 cultissi·
805 3840 866 3890 dum
888 3848 988 3890 veteres
1009 3840 1112 3892 Alcinoi
1128 3842 1215 3892 hortos
1230 3842 1280 3892 tibi
1297 3844 1333 3893 ob

244 3930 300 3966 rues
316 3913 395 3974 edes,
411 3914 504 3961 lectum
522 3910 656 3975 seruilium,
674 3912 768 3964 ditissi-
806 3916 893 3964 ocules
920 3917 1049 3980 preponis.
1080 3917 1237 3980 sequentem
1263 3917 1333 3968 diesn

244 4004 312 4039 mem
322 3988 520 4052 supellectilem,
536 3994 564 4036 et
576 4002 699 4038 summum
713 3989 768 4039 ubi·
806 3991 1335 4056 venundoconsumsimummultoquecusu

244 4079 296 4127 que
307 4066 425 4115 nitorem.
443 4064 580 4126 Suspeusae
590 4070 661 4112 emut
673 4064 698 4112 in
710 4079 767 4127 por·
807 4065 900 4128 geudio
917 4065 1076 4129 trepidantes
1093 4079 1199 4129 espress
1211 4067 1236 4115 in
1249 4082 1336 4117 cesses

246 4139 343 4190 ticibus
374 4139 475 4190 esurire
508 4137 770 4201 Terrarumque,
807 4141 913 4204 egimus.
954 4142 1092 4206 Luporum,
1103 4141 1245 4208 perdicum,
1255 4152 1283 4195 et
1294 4157 1336 4194 ce·
