2804 4764
458 351 614 398 susurru
638 351 785 399 cususs
809 352 943 402 cusas.
1160 340 1245 409 1⁰27

153 495 200 555 tio,
213 509 265 543 sax
277 493 388 543 ibridae
407 494 516 543 htiao‘
527 493 640 555 douo-,⁹
656 501 685 543 et
720 509 807 543 eoru·
826 498 959 547 vocabulis
975 499 1197 562 uimadmrtituu
1218 507 1249 552 ιι

152 571 312 620 Germanico
338 571 434 628 wieder,
459 570 486 617 id
513 576 563 630 est,
588 584 684 618 rursus.
720 585 763 620 ex.
790 589 830 636 gr.
860 574 984 637 limitem,
1011 577 1137 638 insere,
1162 576 1249 636 bias,

152 647 221 695 Item
241 647 379 706 Gdlr’du,
401 647 536 694 Guilhw
553 660 571 693 ι
587 646 685 692 Teuto-
720 648 867 709 inm-Se.
892 651 984 701 Sedet
995 651 1052 715 ipsa
1062 655 1249 717 pronuntiatio,

152 723 211 770 nico
224 723 376 785 liiii-tm,
399 722 504 770 Wilien.
538 721 685 770 Etneloo·
721 734 752 772 ιιι
771 726 936 790 olimquum
954 728 1089 778 insaucia
1104 731 1251 793 peregrina·

152 799 221 860 gius,
237 813 314 862 qua·
335 812 383 859 par
401 807 452 855 nt,
463 796 685 860 rnpttieutrnti
722 815 774 861 rer,
794 803 910 865 quotidie
929 803 1026 866 audiri,
1045 820 1079 853 ex
1098 806 1162 868 ipsis
1174 819 1250 870 pane

153 875 228 923 Gaad
249 875 349 936 origiue
371 874 510 922 Arabicum
533 882 586 933 est,
605 873 685 921 etiam
721 876 840 928 faucibus
850 879 964 931 deducta
974 882 1068 931 multas
1086 882 1173 931 literas
1183 883 1250 946 aspi·

152 952 280 1001 italorum
292 951 426 1010 Gudmt
440 949 573 998 Gallorum
585 948 639 996 Gal
651 947 684 996 lb
722 962 771 1014 ni,
782 969 840 1018 ql!
858 962 946 1005 tamen
963 956 990 1005 in
1008 956 1145 1006 scribendo
1162 957 1250 1019 adopi-

152 1028 267 1077 Arabica
288 1027 376 1088 lingua
397 1024 536 1074 defluxisse
555 1025 686 1073 ceoseudu
722 1030 828 1079 rationis
845 1039 909 1079 uota
925 1039 1024 1081 eareot.
1058 1032 1136 1083 Quod
1156 1032 1249 1094 Augila

151 1114 231 1156 sunt:
261 1103 474 1169 quemadmodum
493 1110 523 1151 et
541 1102 684 1151 Germano·
720 1104 783 1152 item
793 1102 935 1154 familiare:
957 1105 1026 1154 unde
1037 1106 1107 1155 lsisee
1117 1107 1180 1155 nulli
1190 1120 1249 1169 per·

152 1197 220 1245 ram,
242 1183 434 1244 Belgarumque
462 1180 543 1240 Νι,
566 1179 621 1227 sire
642 1178 685 1241 (nt
719 1177 814 1228 tectius
832 1186 878 1229 aut
896 1180 1000 1230 discunt
1017 1188 1063 1229 aut
1081 1182 1251 1243 pronuntiant

152 1258 234 1307 nostm
247 1257 340 1305 Latin
352 1254 685 1319 plerumqueinuosmsyl·
719 1257 854 1307 Sueuieanr
872 1259 996 1321 liugnam,
1018 1266 1065 1307 aut
1083 1258 1175 1309 Sueeis
1195 1258 1248 1309 An·

152 1335 238 1383 labam
250 1333 404 1382 contrahere
416 1331 508 1386 solent,
518 1345 563 1378 seu
573 1344 621 1392 per
629 1344 685 1377 era·
720 1333 823 1395 glicam.
856 1334 926 1385 Quin
948 1334 999 1382 imo
1019 1348 1094 1397 quatu
1111 1334 1144 1383 ad
1161 1334 1248 1397 adspi-

151 1410 203 1471 siu,
212 1422 259 1457 seu
270 1423 317 1471 per
328 1404 477 1470 apocopen)
500 1405 592 1469 Waey:
616 1404 685 1453 unda
721 1407 815 1457 randas
836 1409 924 1458 literas
945 1410 1068 1473 propensi
1095 1409 1193 1460 fuerim
1213 1424 1248 1460 ex

151 1486 318 1542 daocivadea,
334 1485 495 1546 doomqaes,
512 1481 622 1530 transire
637 1478 685 1528 tiu·
719 1484 852 1533 annalibus
864 1484 975 1548 antiquis
995 1493 1078 1547 patet,
1090 1485 1115 1535 in
1133 1486 1189 1550 quis
1200 1485 1249 1537 etl·

151 1559 298 1610 meurado.
330 1555 683 1607 llludtautumrideturob·
721 1575 761 1608 am
784 1559 936 1622 illothario,
959 1560 1115 1622 Hludooim,
1138 1576 1185 1626 pro
1201 1561 1248 1611 Lo-

151 1633 430 1698 rtare,quodvadum,
447 1632 685 1694 gusds,gue'‚ude‚
718 1637 822 1698 timisa,
841 1637 972 1686 Maskas
992 1639 1097 1701 legitur.
1131 1638 1167 1687 Et
1188 1643 1249 1689 suut

153 1726 204 1761 nou
215 1710 334 1768 flurium,
345 1707 392 1758 sed
404 1708 539 1757 transitum
551 1705 622 1755 durii
634 1707 685 1768 sig·
720 1726 801 1775 penes
822 1726 863 1760 me
883 1713 979 1762 nummi
1006 1713 1123 1776 argentei
1148 1713 1249 1778 antiqui

152 1787 252 1838 nilieet.
298 1786 396 1834 Verum
415 1783 442 1832 id
464 1784 532 1831 iuter
556 1783 686 1832 Barbarus
719 1788 788 1835 idem
801 1794 937 1836 testantes.
970 1787 1023 1837 ded
1046 1796 1076 1836 ut
1094 1789 1151 1839 heo
1167 1790 1248 1852 magia

152 1863 230 1914 facile
241 1862 363 1912 accidere
376 1861 471 1924 potuit,
487 1867 514 1908 ut
528 1873 614 1908 veram
633 1859 684 1922 sig·
720 1861 804 1911 adhuc
816 1861 1010 1925 confirmentur,
1023 1878 1081 1926 quas
1097 1863 1167 1924 dlxl;
1191 1864 1249 1927 ipsa

151 1939 331 1989 nificatiouem
352 1936 460 1998 hujusce
483 1935 551 1983 vocis
570 1934 684 1997 aliquau-
721 1940 834 1987 varietas
860 1937 991 1987 scribendi
1008 1938 1090 2001 'apud
1119 1938 1251 2003 Hispanos

152 2013 425 2076 tumdeprarareriut.
441 2010 685 2071 Verisimiliusprto·
720 2013 818 2062 evincit
827 2012 856 2061 sd
869 2015 909 2062 Ga
919 2013 1102 2076 aspirationem
1113 2027 1179 2063 esse.
1197 2012 1250 2064 Pro

154 2100 230 2139 terea
246 2096 295 2151 est,
306 2087 404 2137 Arabus
413 2101 485 2136 suum
496 2087 568 2134 Grod
579 2085 613 2134 ab
624 2085 684 2134 His·
720 2091 829 2139 eoeoim
849 2097 901 2140 taur
917 2092 967 2150 ida,
981 2105 1057 2155 quam
1069 2089 1100 2152 F,
1111 2089 1180 2153 quod
1192 2087 1252 2139 AEo.

153 2166 238 2230 panis,
257 2180 334 2229 quam
354 2163 483 2226 Hispanos
503 2161 535 2210 ab
557 2160 685 2210 Arabibus
720 2167 796 2216 licum
808 2169 946 2231 Digamma
963 2173 1014 2229 est,
1029 2165 1250 2218 indiscriminatim

153 2245 298 2307 accepisse.
320 2244 406 2295 Quum
419 2242 522 2290 enimin
535 2241 618 2302 initio,
629 2254 685 2301 sua,
721 2253 835 2306 ponunt:
863 2242 1013 2306 adduntque
1034 2241 1133 2290 Latiulr
1143 2240 1222 2291 etlam
1234 2254 1251 2288 a

153 2320 181 2369 id
193 2326 346 2382 est,retere
364 2318 509 2382 Hispanico
531 2318 619 2378 lingua
629 2323 685 2364 uta·
721 2318 1008 2383 voealiiuoipieutibus.
1042 2318 1080 2367 Ut
1094 2315 1251 2377 Gratular-

152 2406 255 2457 reutur,
272 2411 348 2461 quarn
366 2396 444 2444 etiam
464 2408 530 2443 noue
548 2392 685 2453 Cantabri,
721 2410 862 2457 emotum:
891 2397 980 2457 duem,
1000 2395 1194 2456 commum,
1212 2391 1253 2442 io·

153 2474 232 2524 hodie
242 2473 424 2531 bellinum,
433 2472 487 2520 sire
502 2470 634 2528 Vinnium,
646 2481 686 2516 re·
722 2484 780 2520 ras:
809 2472 908 2533 Gaesao,
919 2472 1010 2534 iream,
1029 2485 1058 2520 os
1069 2469 1151 2519 ossis:
1170 2468 1251 2518 liner·

153 2552 241 2600 tinere
259 2549 420 2608 ereduntur;
444 2554 586 2609 postquam
612 2544 685 2592 dein·
715 2545 786 2606 fuso,
814 2548 947 2608 Guersuso,
971 2547 1110 2609 orphanus,
1135 2542 1250 2607 rpentes

153 2642 219 2691 ceps
237 2628 264 2675 iu
286 2627 401 2675 Romana
417 2625 479 2687 jura
495 2626 687 2681 concesseruut,
723 2624 929 2674 Gmmeeimimo
965 2625 1041 2687 Ηίῳ,
1079 2624 1252 2672 Gauraimssto

154 2704 274 2754 Romana
291 2711 320 2751 ut
332 2703 469 2764 plurimum
480 2701 568 2762 lingua
586 2696 685 2760 loquuti
721 2700 782 2750 ltal.
806 2702 948 2750 Gorsimest
969 2700 1041 2750 Gall.
1063 2705 1252 2749 oruamentum.

154 2789 231 2829 sunt:
261 2788 339 2843 atque
360 2777 685 2830 hiueiueorumseuuuue
722 2774 827 2837 Haerco,
847 2789 943 2824 orcus:
974 2776 1109 2836 Guarinus,
1131 2774 1251 2825 arithmo·

152 2854 288 2905 ‘sadum'
320 2853 372 2902 Sed
401 2854 540 2902 Romanam
569 2850 685 2911 linguam
722 2849 789 2910 tica;
817 2850 885 2912 quod
913 2849 1001 2898 itidem
1027 2850 1059 2898 ad
1087 2849 1251 2900 Arabismum

153 2935 247 2982 mirum
259 2934 284 2981 iu
305 2931 407 2981 modum
427 2947 486 2981 cum
507 2933 532 2979 in
551 2929 687 2992 Hispania,
723 2925 789 2972 niele
816 2922 940 2986 refertur,
965 2940 1041 2988 quum
1069 2925 1103 2974 sit
1129 2925 1250 2975 Gratum

155 3017 209 3058 tum
221 3008 246 3056 io
264 3007 360 3068 Gallia,
371 3015 399 3055 et
415 3007 472 3070 ipss
485 3006 564 3055 ltalia
576 3005 686 3054 Barbari
722 2998 818 3064 aptus.
854 2999 1149 3063 Atqueltaclracteuus.

154 3085 235 3135 Gothi
257 3089 437 3145 corruperunt.
471 3058 558 3130 Pulsis
580 3080 686 3130 taudem
754 3075 897 3124 teudula
917 3075 975 3137 aon]
1003 3075 1061 3124 Una
1083 3089 1116 3123 ea
1138 3075 1247 3126 Baetlca

154 3158 250 3210 Gothis
260 3170 406 3207 suoeessere
414 3155 686 3219 Arabes,etquidquid
723 3153 857 3217 Hispaniae
866 3153 1013 3202 clarissimis
1022 3151 1129 3201 urbibus
1140 3160 1181 3202 est
1190 3154 1254 3209 Cor·

154 3248 234 3299 porro
259 3234 434 3295 incorruptum
461 3231 557 3295 fuerat,
582 3233 687 3280 invecta
723 3229 790 3277 duba
802 3228 946 3291 Pomponio
959 3228 1047 3289 lllelae,
1057 3235 1085 3276 et
1097 3228 1251 3278 Ptolemaeo.

152 3310 250 3374 partim
267 3325 321 3365 sus,
338 3309 431 3371 partim
450 3307 548 3370 vulgari
561 3307 687 3370 Hispano·
724 3307 813 3356 Caesar
829 3307 836 3334 ‘
850 3305 989 3369 prouincia
1006 3301 1105 3366 caput'
1129 3303 1253 3367 appellat.

154 3401 212 3435 rum
240 3386 327 3448 lingna
355 3392 462 3444 mutatu,
490 3382 683 3433 deformatum:
722 3382 817 3431 Strabo
845 3384 853 3411 ⁴
878 3380 996 3429 Marcelli
1018 3378 1100 3442 opus!
1150 3379 1252 3429 Plinius

154 3461 368 3521 nouitatem,
388 3468 478 3509 utnon
496 3459 686 3523 etipsialiquu
722 3458 885 3507 ‘Patricium
903 3456 1048 3505 coloniam
1080 3454 1210 3504 Martialis
1222 3455 1252 3503 li·
1319 3507 1326 3522 ,

153 3536 501 3599 alienigeuaadoptaveriut.
533 3537 686 3599 Ergoelss·
723 3532 762 3582 bri
782 3533 855 3596 primi
871 3532 1063 3594 Epigrammata
1081 3529 1254 3579 undetricesi-

155 3616 210 3666 tiua
223 3628 285 3662 roee
305 3613 407 3663 Vadum
426 3611 513 3661 fecere
525 3611 606 3661 Gothi
620 3613 685 3659 Gur·
723 3624 775 3669 mo,
803 3607 911 3656 (litorum
937 3608 1104 3665 Seueearum,
1129 3613 1156 3654 et
1179 3606 1253 3654 unlus
1303 3650 1308 3661 ,

154 3694 220 3751 dass,
246 3704 291 3738 seu
322 3688 452 3749 Haedum,
480 3688 580 3736 Arabes
609 3689 686 3738 Guud
724 3683 821 3733 Lucani
841 3684 962 3745 patriam.
996 3680 1252 3729 Cordoousuislsodle

156 3768 225 3818 Nam
241 3764 270 3811 vl
293 3766 334 3813 Ga
357 3765 499 3813 Gothorum
520 3771 686 3826 veterumque
725 3768 841 3809 vocatur.
862 3758 968 3807 Vinctus.

153 3844 300 3892 Teutonum
322 3839 442 3903 (quorum
466 3840 559 3901 lingua
578 3839 688 3888 dialecto
758 3836 895 3895 dQuoeque
915 3831 980 3894 sinu]
1005 3830 1030 3879 0
1053 3845 1130 3895 quiam
1157 3829 1252 3877 dudum

155 3926 257 3968 tautum
270 3914 435 3974 differebant,
446 3929 535 3976 reapse
544 3928 605 3962 vero
614 3915 688 3962 unius
725 3926 799 3975 seges
821 3918 870 3971 est,
887 3909 930 3957 ubi
948 3909 1029 3971 Troja
1047 3906 1110 3955 fuitl
1146 3906 1254 3953 Ererte·

155 4000 231 4043 emut
242 3989 362 4052 originis)
374 3989 515 4051 adspiratio
526 3994 573 4049 est,
585 3989 630 4036 sed
640 3999 689 4051 per
726 3995 786 4035 runt
805 3991 832 4033 et
848 3984 913 4033 hano
931 3997 989 4032 euru
1008 3982 1124 4030 Emerita
1141 3978 1253 4029 barbari.

155 4069 208 4118 diso
218 4066 335 4130 prolata:
362 4079 420 4127 qum
434 4063 564 4112 scribendi
581 4077 688 4112 consue·
726 4063 810 4121 Brugo
821 4059 896 4108 hodie
909 4057 1064 4120 Portopallis
1083 4061 1254 4116 nuncupatur,

155 4144 220 4194 tudo
232 4157 291 4191 cum
311 4155 343 4187 ex
356 4140 467 4203 autiquae
486 4139 629 4189 Gothorum
642 4139 689 4187 lin·
727 4151 807 4200 parva
819 4134 889 4194 urbs,
902 4135 928 4182 iu
940 4147 1040 4196 magna
1052 4131 1120 4179 illius
1131 4130 1251 4181 Bracara

155 4235 214 4285 guae
227 4217 353 4282 reliquiis,
372 4222 427 4264 tum
446 4213 606 4277 eperurultis
625 4213 689 4262 Sue·
727 4211 848 4262 suburbio
866 4215 1008 4260 exstructa.
1042 4205 1174 4271 Adeujus
1196 4221 1252 4270 par.
