2804 4764
228 288 314 354 1370
573 304 680 352 norm
704 304 905 385 sunronuu
932 306 970 353 tn

228 460 293 510 poro
310 445 454 496 contendit.
486 444 518 493 ln
536 444 574 493 bis
590 445 659 494 eninr
678 444 756 494 sessi·
793 445 881 495 sddits
892 447 1015 510 pleraque
1033 446 1058 496 in
1075 444 1130 509 ejus
1140 444 1259 510 scriptis,
1269 458 1327 497 nsua

227 523 297 577 bns:
314 523 395 573 ‘Vidi
412 529 517 587 egomet
534 521 588 571 dno
603 521 638 572 de
649 535 757 571 numero
794 520 868 570 tilots
884 521 1003 585 plurimo,
1013 527 1169 571 commutato
1180 521 1327 584 innumers,

230 614 290 651 corn
316 613 426 662 corporo
450 605 537 659 nostro
558 599 660 648 Prcuss
681 611 756 647 snsnu
795 610 889 660 neqore
903 596 988 645 orrsiti
1012 597 1077 648 Quis
1095 604 1228 660 pretereo
1245 598 1326 648 inter·

231 688 333 738 mque,
355 673 439 723 medio
458 673 592 736 resupinus
619 673 645 721 in
673 682 759 734 sntro,
795 686 855 737 pres
873 671 937 721 odeo
955 671 1102 721 inconditus
1115 678 1217 722 tsntrrrn
1230 673 1327 722 inern-

232 751 376 812 Frongeret
391 749 424 797 sd
441 748 557 799 sssurnr'
574 749 612 798 its
627 749 682 811 rjus
702 763 759 811 pas·
795 745 892 795 ditione
904 745 986 794 visunt
996 746 1201 795 inminutissinrn
1213 760 1326 812 quoqne

232 815 281 874 sint
291 824 617 886 commentorisleguntur:
643 823 759 873 ‘uome
795 822 895 885 lspsnrn
905 822 980 870 toties
992 819 1118 872 affirmet?
1143 822 1214 874 Quid
1227 831 1270 873 est
1282 837 1327 872 su·

233 915 276 950 rus
297 900 363 949 dicit
381 905 492 963 quotuor
512 913 528 946 s
546 898 707 961 Polyphemo
724 899 761 946 in·
796 902 859 956 tens,
879 895 947 962 qnod
969 896 995 945 in
1014 897 1086 946 bonis
1104 899 1172 961 sliis,
1193 899 1240 964 qui
1264 900 1325 949 olinr

233 982 365 1026 teremtos.
392 975 444 1026 Qui
460 976 538 1023 etism
554 973 643 1024 scribit
653 974 758 1023 AEnestn
796 972 958 1035 scripserint,
975 973 1079 1022 mondus
1090 975 1326 1038 sccuumos,tessi·

233 1051 306 1115 prins
317 1063 392 1114 qnotn
406 1049 522 1112 Ulyssem
539 1049 571 1098 sd
589 1048 704 1098 Siciliam
718 1063 759 1097 se·
798 1061 864 1109 snus,
884 1048 911 1095 in
931 1047 1047 1096 librarios
1068 1048 1220 1114 plerumque
1239 1049 1327 1114 reiici-

234 1128 312 1177 niste.
338 1127 409 1186 Ergo
426 1127 467 1173 vel
483 1124 613 1186 dissentit,
631 1126 672 1174 vel
688 1123 762 1186 dicit,
798 1123 989 1183 mus,Scrrlnns
1008 1129 1094 1172 tumen
1113 1124 1157 1174 dic
1171 1124 1326 1176 dicturenrn

234 1203 300 1253 dnos
320 1201 424 1262 vidisse,
438 1198 484 1250 sed
502 1209 565 1264 quot
578 1201 704 1251 occiderit
716 1215 761 1250 ne·
798 1198 913 1262 egimus?
929 1204 1071 1263 opertoque
1082 1200 1108 1248 in
1124 1214 1183 1251 curn
1194 1203 1274 1253 titulo
1290 1203 1328 1252 in·

234 1276 319 1328 sciro!
357 1277 415 1327 Nec
431 1276 511 1327 multo
532 1283 600 1340 post,
618 1275 762 1340 ‘Ulysseq’
799 1273 932 1324 vehimur?
958 1287 1040 1338 neque
1068 1275 1122 1340 ejus
1142 1279 1329 1328 commentaris

235 1354 331 1418 inquit,
346 1355 354 1380 ⁸
367 1353 401 1403 sd
421 1351 608 1416 Pohplrenrum
634 1353 706 1402 verit
723 1367 762 1402 re·
800 1350 933 1412 exscripto
943 1350 1019 1399 toties
1027 1351 1329 1411 animadvertimnmnns·

235 1429 300 1479 licto
310 1429 433 1492 crtypso,
449 1442 507 1476 cum
518 1440 568 1492 qus
577 1427 663 1478 ioerst
672 1428 762 1477 decem
800 1440 875 1490 quom
887 1426 993 1475 eademi
1011 1425 1088 1475 Haud
1100 1441 1149 1492 ego
1157 1435 1248 1479 tumeo
1262 1429 1330 1480 orbi·

236 1506 321 1555 cunis.
366 1503 441 1553 Unde
466 1504 510 1565 (ut
535 1518 614 1566 snpra
640 1501 764 1566 diximus)
801 1503 1120 1568 trsbcr,uibilqnicquom
1139 1505 1330 1571 invenirispnd

238 1580 340 1643 Virgilii
349 1579 426 1628 dictis
436 1578 557 1628 dissentit
568 1586 712 1640 temporum
724 1593 763 1627 ro·
800 1578 927 1638 Servium,
947 1578 1015 1641 quod
1035 1579 1075 1628 rel
1097 1579 1240 1643 improbsri
1259 1583 1331 1645 juro,

238 1654 294 1707 tto!
311 1656 413 1704 Primus
421 1655 499 1719 igitur
511 1655 549 1704 bis
561 1655 686 1718 repetitus
693 1668 766 1704 error
802 1653 843 1715 sel
865 1653 993 1701 contemni
1010 1655 1101 1716 possit,
1117 1661 1196 1719 stqne
1213 1658 1331 1705 omnibus

237 1731 284 1781 ille
293 1739 343 1792 est,
359 1745 408 1780 non
420 1732 490 1794 prins
501 1731 528 1779 in
545 1731 672 1794 Ogygiam
690 1730 766 1793 Ulys·
801 1728 1026 1792 scqniescendum.
1061 1730 1130 1782 Quin
1151 1732 1333 1782 commonendi

237 1821 295 1858 setn
320 1807 459 1857 Homerica
480 1806 657 1870 descriptione
683 1806 765 1872 (quod
803 1817 904 1868 quoque
915 1805 1009 1867 lapsus,
1021 1804 1067 1854 sed
1076 1804 1257 1869 modeste,ssd
1265 1807 1333 1858 citro

239 1883 320 1947 poulo
347 1890 406 1932 unte
428 1896 475 1931 suo
497 1882 588 1932 ordine
609 1882 767 1949 rettulimus)
803 1883 964 1933 columniam.
993 1883 1292 1948 Necdissimulsbinsrrs,
1307 1887 1333 1936 io

241 1958 353 2008 delutum
365 1972 441 2022 quem
451 1957 478 2007 in
488 1957 598 2007 Siciliam
610 1958 767 2020 pervenerit.
803 1958 935 2023 plerisque
953 1954 1143 2023 exemplaribus
1160 1962 1198 2010 its
1221 1962 1284 2025 legi,
1305 1969 1333 2010 nt

242 2030 358 2096 ideoque
376 2046 424 2081 nec
440 2031 608 2096 temporibus,
626 2047 767 2096 nec,quenr
805 2048 856 2084 nou
878 2032 911 2081 sb
932 2033 1054 2095 Homero,
1073 2035 1117 2083 ssd
1143 2035 1333 2087 Historioorus

242 2109 353 2160 onesimo
369 2116 473 2157 secutus
491 2114 540 2169 est,
559 2109 666 2158 entbore
685 2108 769 2172 Virgl·
805 2108 857 2159 fids
875 2109 972 2158 dictum
991 2110 1114 2171 sidentur,
1131 2111 1237 2162 AEnesru
1252 2113 1336 2177 priss-

244 2182 307 2232 lions
317 2182 397 2244 argui.
431 2180 510 2230 Aliud
527 2181 769 2244 ssromendecinnr,
806 2200 881 2251 quom
898 2186 1016 2247 Ulyssem
1035 2185 1060 2234 in
1077 2185 1190 2234 Siciiism
1211 2186 1335 2249 delutum.

241 2271 316 2324 seque
335 2253 506 2317 manlfcstum,
524 2255 592 2320 qnod
610 2271 659 2304 nec
679 2271 770 2320 porro·
807 2259 964 2323 Verbeipsu
980 2261 1036 2308 hoec
1049 2270 1124 2310 sunt:
1140 2260 1147 2288 ‘
1161 2260 1234 2312 Ante
1247 2262 1282 2313 sd
1297 2264 1336 2312 Si·

242 2333 312 2383 nisse
324 2333 437 2397 quidem,
449 2330 541 2380 nedum
552 2331 622 2394 prius
634 2331 673 2379 sel
685 2339 771 2395 poste·
806 2336 893 2385 cilium
905 2337 1007 2398 l'dness,
1017 2351 1093 2401 qusnr
1106 2338 1216 2402 Ulysses
1235 2339 1336 2390 senisse

242 2408 305 2467 rins,
326 2408 432 2456 AEnenrn
451 2406 484 2456 sd
504 2406 641 2470 Cyclopes,
659 2422 770 2472 unquam
808 2410 923 2461 dicitnr!
947 2412 1047 2463 Quibus
1060 2418 1147 2462 nmen
1165 2414 1336 2479 lusndntiqoo

242 2483 362 2534 meminit
385 2482 522 2531 Homerus.
556 2482 682 2546 Tertium,
703 2483 770 2547 quod
808 2488 981 2537 errorsbest:
1000 2488 1102 2552 quondo
1121 2490 1201 2538 etism
1213 2491 1257 2554 qni
1276 2504 1337 2540 cnm

244 2573 292 2608 serr
303 2572 318 2608 n
331 2558 490 2620 Polyphemo
501 2558 649 2607 interemtos
660 2573 691 2608 uc
701 2573 770 2608 com·
809 2562 921 2625 Virgilio
936 2563 1090 2612 convenient
1111 2565 1256 2628 scriptores
1280 2581 1337 2615 sese

245 2650 304 2685 eoos
338 2634 394 2696 ejus
429 2635 521 2695 socios,
553 2648 602 2682 non
639 2643 771 2698 quattuor,
810 2637 898 2687 Grnrci
925 2635 1045 2689 offerent.
1087 2640 1181 2704 Dictys
1213 2643 1338 2706 siqnidem

247 2709 383 2772 rhapsodio
394 2722 435 2757 rx.
446 2708 534 2757 tradit.
557 2709 694 2769 Quintum,
704 2708 771 2772 qnod
812 2712 954 2774 Cretensis,
965 2714 1052 2775 gravis
1063 2715 1188 2777 ellandeo
1201 2716 1339 2768 incelebris

247 2801 299 2836 non
311 2785 412 2845 decern,
423 2783 469 2833 sed
481 2792 581 2846 reptent
592 2798 650 2832 cnm
662 2783 773 2847 Calypso
811 2787 935 2837 Historiae
944 2789 1066 2852 Trojonnr
1076 2792 1176 2853 sutbcr,
1191 2792 1252 2843 binc
1267 2793 1339 2842 illum

247 2863 323 2913 sonis
338 2862 508 2921 domorotunr,
524 2859 660 2923 rlrspsodio
676 2872 724 2909 vu.
735 2872 774 2908 os·
812 2865 929 2928 rapuisse
945 2867 1115 2931 navigationis
1131 2883 1234 2919 cursum
1246 2871 1340 2920 usserit

250 2939 343 2991 tendit.
370 2938 445 2988 Licet
460 2933 774 2996 Ovidius‘sex'dixcrit,
813 2940 1029 3004 udLotopbsgos,
1045 2943 1079 2991 nd
1095 2944 1340 3007 Cyclopss‚inAEo·

248 3015 284 3064 de
297 3016 397 3064 Ponto:
413 3014 421 3041 ‘
434 3012 475 3062 An
486 3025 564 3074 grove
581 3024 626 3059 sex
637 3011 709 3060 annis
721 3012 776 3074 pnl-
813 3015 882 3078 lium,
893 3015 925 3065 cd
936 3016 1038 3075 Circen,
1049 3018 1081 3067 od
1092 3018 1213 3083 calypso,
1223 3020 1257 3070 ed
1268 3021 1339 3071 lure.

249 3091 338 3140 cbrsm
350 3087 444 3138 fovisse
455 3088 569 3151 Calypso
578 3086 598 3134 i'
627 3087 679 3136 Ubi
690 3092 777 3151 replens
815 3106 864 3152 ros,
874 3091 905 3140 od
917 3091 1063 3143 Alcinoum.
1081 3095 1156 3145 Ideni.

248 3167 327 3217 etiarn
351 3161 524 3227 reponendum
543 3177 594 3213 non
614 3163 703 3227 inepte
722 3162 777 3226 quis
847 3167 967 3218 Notio.
984 3171 1025 3232 §2
1040 3169 1148 3234 Sociiqrsc
1163 3172 1215 3233 eisc
1230 3189 1287 3237 opes
1296 3174 1341 3223 oli·

250 3241 383 3303 conjiciat.
410 3239 467 3288 Nisi
489 3248 542 3288 torn
564 3238 613 3288 boc
634 3238 661 3287 iu
682 3238 778 3289 Ouidio
812 3242 983 3305 qnusislorn]
999 3244 1170 3294 scribendum
1191 3249 1341 3310 potolm,

249 3314 387 3365 ferendum
403 3313 531 3372 ridentur,
550 3328 626 3378 quarn
645 3314 671 3363 in
687 3315 779 3375 Statio,
813 3323 842 3367 nl
852 3317 888 3367 sit
898 3319 954 3381 ejus
966 3333 1024 3382 pers
1035 3334 1082 3382 pro
1093 3327 1149 3370 toto
1161 3330 1229 3371 utre.
1244 3322 1341 3373 ‘Loro’

252 3391 296 3457 qul
307 3389 405 3453 Ulyssis
414 3388 507 3447 socios,
514 3404 572 3438 curn
585 3389 713 3440 Homerus
723 3391 779 3439 dix·
813 3395 881 3443 enim
892 3397 932 3457 (ut
943 3395 1084 3445 Marcellus
1095 3395 1197 3462 scribit)
1208 3399 1254 3448 ‘os
1264 3399 1341 3453 culei'

252 3468 303 3517 erit
314 3466 340 3515 in
353 3479 444 3527 porcos
456 3463 661 3527 transformatos,
672 3466 698 3514 in
707 3467 779 3530 lupo·
814 3471 854 3518 vel
876 3470 977 3518 ‘utris’
1003 3469 1137 3534 significet.
1173 3472 1251 3522 Unde
1270 3476 1341 3525 ‘lur-

252 3558 309 3592 rurn
321 3556 366 3590 ors
378 3555 475 3597 uersos,
492 3542 583 3592 edidit.
611 3542 677 3592 'runs
692 3546 778 3608 prucis
815 3543 906 3595 cones'
921 3546 1023 3608 coporis
1032 3546 1101 3608 gule
1116 3545 1281 3610 homines,ct
1298 3549 1341 3600 bo·

255 3618 340 3667 serbis
364 3624 402 3666 tot
419 3630 518 3666 errores
534 3616 617 3682 (dicet
634 3619 737 3685 aliquis)
754 3621 778 3668 in
815 3635 905 3670 norum
932 3635 1034 3671 sunrurn
1064 3629 1248 3673 consumtores.
1286 3625 1342 3675 Nec

252 3695 358 3746 Servio!
378 3696 431 3745 Nos
442 3695 701 3758 etinmpernnirerss
712 3709 779 3744 com·
815 3697 924 3746 deerunt
942 3697 985 3760 qui
999 3711 1051 3745 soro
1066 3697 1192 3760 scriptum
1204 3700 1286 3763 mugio
1296 3715 1343 3764 pu.

255 3773 390 3830 mentoris,
408 3770 453 3820 sed
474 3772 558 3821 Servii
569 3786 612 3821 eos
631 3787 694 3830 esse,
711 3768 779 3821 bsnd
815 3780 881 3834 tent,
901 3780 1035 3821 ventorum
1053 3773 1136 3834 ipsum
1155 3775 1255 3824 thecam
1273 3778 1343 3826 locu·

254 3848 332 3899 i'scilo
350 3847 571 3898 affirmaverimns.
611 3849 669 3898 Non
693 3846 779 3895 hercle
814 3848 919 3912 lnmque
931 3848 1142 3910 interpretantes,
1154 3848 1251 3900 Grrecs
1268 3866 1343 3912 voce,

255 3927 346 3986 mepte,
366 3939 442 3989 quern
464 3924 570 3974 citerius
592 3920 699 3981 conseri,
721 3935 778 3984 queo
815 3923 890 3987 copis.
902 3925 928 3972 in
937 3939 986 3988 qno
999 3923 1074 3985 Apim
1087 3933 1187 3973 taurum
1199 3927 1259 3975 olinr
1275 3929 1344 3991 posi·

256 4003 368 4052 uicissim
390 4003 502 4064 egregins
521 3993 678 4050 esuritionis,
698 3995 778 4046 mirsi·
817 3999 1032 4062 rumsnrrrpim,
1048 4012 1107 4047 mox
1122 4000 1238 4065 Serapim
1254 4005 1344 4068 sppel·

257 4092 309 4142 que
331 4077 474 4136 brevitatis,
501 4068 611 4124 Meronis
638 4069 779 4121 Podtorunr
814 4076 905 4132 lutum,
931 4073 1129 4137 Nymphodorus
1157 4077 1246 4127 trudit.
1288 4082 1343 4132 Nec

255 4148 618 4205 sumnivtrmtemsssernnt·
638 4142 702 4198 Quis
711 4147 779 4199 eninr
816 4151 1035 4220 pretereundum,
1046 4154 1173 4219 reperisse
1183 4157 1289 4223 quidem
1299 4173 1344 4210 nos
