2804 4764
212 313 298 388 noo
552 329 660 383 norm
683 329 881 381 vantouun
907 329 945 378 ln

211 478 334 541 scriptam
343 480 371 527 et
381 480 503 526 metatam
512 474 555 524 lnlo
566 473 734 525 dooetAnro·
769 472 943 536 Superiorem,
968 468 994 518 in
1017 482 1068 533 qna
1094 465 1249 528 Ptolemaeo,
1270 469 1298 515 et

212 552 357 613 uiua,illam
377 559 438 602 tuno
456 551 650 616 perambulant:
675 563 733 613 qun
772 546 906 596 Ammiano
938 544 1103 599 Marcellino,
1127 547 1297 591 recensentur

211 628 338 691 hodieque
347 628 436 677 nbillla
444 641 535 676 nomen
543 622 733 687 retinnit,quod
771 622 961 684 Mogontiacus,
989 619 1145 680 Vangiouer,
1164 617 1300 678 Nemetes,

207 702 263 765 jam
274 703 322 750 snb
333 703 489 750 Francorum
500 698 734 764 imperiohabebat,
772 694 977 759 Argentoratuo:
1010 692 1173 750 inferiorem,
1192 693 1220 740 in
1246 706 1298 757 qna

212 775 296 837 Pagus
316 776 466 836 timu,
487 776 564 839 vulgo
583 773 735 822 Huudrruolr.
773 770 879 819 Colonia
900 769 1053 834 Agrippina,
1071 769 1171 828 Bonna,
1191 766 1300 829 Tungri,
1330 817 1335 832 ⁴

189 896 192 904 .
212 850 288 902 Quod
299 853 343 915 qul
364 851 517 900 Hunnorum
536 848 680 912 presidium
697 847 734 896 in·
772 846 866 894 atallre
878 845 955 895 clarae
967 844 1093 894 civitatee.
1119 843 1162 891 lta
1172 841 1300 890 diminuta

211 929 397 987 terpretnutnr,
413 923 510 973 rectior
530 921 639 983 faciunt,
658 935 734 986 quam
772 918 821 969 fnit
833 920 1212 980 Belgicuetalteuoremotr:
1229 918 1299 981 ejur-

211 1000 254 1064 qoi
275 999 386 1063 jooniari
413 1000 513 1048 nomine
536 997 735 1057 Dorum-Carrio,
773 1009 823 1059 qne
843 1009 901 1057 paro
920 995 1026 1059 reliqua,
1042 1007 1100 1057 qun
1119 993 1235 1056 Belgicae
1254 1005 1298 1042 no·

212 1080 319 1137 propter
333 1073 462 1136 ingenium
480 1073 529 1122 loci
549 1080 690 1121 moutoaum
707 1078 734 1119 et
773 1083 832 1118 men
842 1070 957 1131 retinuit,
968 1069 1093 1132 bipertito
1105 1083 1208 1132 qnoque
1218 1076 1299 1129 aeota,

211 1161 331 1211 annerum
350 1148 569 1212 dictampnum:
596 1160 734 1212 quotenou
773 1145 799 1192 iu
812 1146 925 1193 Primam
943 1152 972 1194 et
989 1143 1134 1193 Secundam
1154 1143 1298 1205 Belgicam.

213 1223 345 1286 cyuouoloa
355 1238 371 1272 a
381 1238 410 1273 ae
422 1236 486 1272 nore
497 1228 601 1286 reperto
612 1220 735 1271 vocabulo
772 1219 815 1269 ste
824 1221 891 1269 enlm
903 1234 936 1269 ex
947 1225 1037 1268 velere
1054 1218 1243 1283 provinciarum
1254 1233 1299 1267 no·

210 1297 363 1346 'l'rlthemlua
374 1298 510 1361 indigitare
519 1297 625 1346 uolebat.
643 1296 736 1360 Neque
773 1297 938 1358 menolatore,
948 1303 975 1344 et
986 1294 1076 1345 eodem
1089 1293 1243 1343 Marcellino
1261 1293 1299 1343 di·

211 1371 298 1423 lorrau
308 1375 414 1436 errabit,
425 1375 469 1440 qui
481 1375 537 1437 ejus
548 1373 658 1438 regionis
669 1388 735 1436 urar·
773 1371 899 1421 dicimur:
925 1371 969 1435 qui
987 1369 1013 1418 in
1034 1373 1118 1431 prima
1134 1367 1244 1430 Belgica
1253 1381 1299 1432 po

211 1447 300 1511 oipuoa
319 1449 431 1511 regnier,
449 1449 563 1498 Comiter
579 1448 735 1511 sylvestres,
773 1454 837 1496 nont
848 1447 986 1506 Treveros,
997 1443 1219 1506 Mediomatricos,
1234 1443 1300 1492 Len·

211 1527 240 1573 et
266 1522 444 1587 iieingrarlor,
481 1522 632 1586 Wildgrul'ea
660 1521 734 1586 (item
773 1521 1050 1583 oor,Veredoneurea:
1076 1516 1299 1579 lnaeounda,1ie·

213 1597 368 1661 Κωμαίου)
393 1613 424 1646 aar
453 1598 522 1646 vora
546 1598 595 1645 aad
617 1597 736 1659 Kimarg,
773 1609 837 1656 moa,
856 1595 1014 1655 suessionen,
1032 1594 1198 1648 (latalaum,
1218 1592 1300 1641 Vero·

213 1672 359 1734 lleiagrafeu
369 1672 674 1736 manumittentes
685 1686 735 1721 nou
773 1671 904 1733 mandrror,
923 1669 1072 1726 Atrebates,
1089 1668 1300 1731 Camaraoeuaea,

211 1747 737 1809 eaigruineaoraourtr'aetvilinrl’loatr,
773 1747 961 1808 Tomacenaer,
978 1745 1198 1804 Silvanectenrea,
1214 1743 1300 1792 Bello·

211 1821 287 1884 Kim,
300 1823 428 1883 ollerlrira,
443 1822 562 1884 Klrdurg,
579 1821 736 1884 Rriugmsen·
773 1836 860 1884 vaona,
878 1819 1029 1880 Ambianor,
1045 1819 1172 1880 Morinos,
1190 1817 1302 1867 Bououi-

211 1897 282 1960 κά,
298 1897 589 1962 Wlldm‚aiiogiouir
609 1899 737 1962 qualitate
773 1911 856 1946 enata.
898 1898 938 1946 Ex
960 1896 1102 1959 iisdemque
1124 1894 1207 1943 locum
1232 1895 1302 1943 hune

210 1975 314 2022 uomina
323 1975 429 2022 aortitoa
440 1973 552 2037 putabit.
584 1974 736 2024 Hnnuomm
773 1972 880 2022 Auaouil
890 1973 1018 2036 intelligo,
1028 1973 1070 2035 qnl
1081 1987 1096 2021 a
1109 1973 1247 2022 Gennania
1258 1987 1301 2022 an·

210 2048 737 2112 qnoqueinobliteratamemorinrnperert
775 2050 878 2112 periore
899 2049 999 2099 initium
1021 2049 1135 2113 Belgicae
1162 2050 1300 2099 Moreliam

211 2123 309 2172 inaree
322 2123 571 2187 Huuoltatein,rolgo
584 2124 737 2185 Hmrteim
774 2122 847 2174 facit.
868 2124 974 2174 luero.
1004 2124 1008 2130 '

210 2211 262 2260 qua
273 2195 370 2245 familia
387 2198 515 2261 equestria
535 2197 592 2260 ejus
611 2212 662 2246 ore
682 2195 737 2247 l'ero
808 2200 841 2247 Et
852 2201 944 2248 landen
952 2199 1174 2263 puniturum
1181 2202 1302 2264 conspicor

211 2271 380 2321 nobillaairna:
397 2279 425 2320 et
445 2272 471 2320 iu
490 2271 588 2335 oppido
599 2279 737 2335 rastroque
773 2273 823 2323 oria
834 2274 1003 2337 utmagnus]
1024 2275 1135 2325 ‘Primis
1142 2276 1160 2326 ι’
1170 2283 1211 2325 eat
1229 2277 1300 2326 enim

212 2346 350 2407 Castellum
359 2346 427 2411 quod
436 2345 587 2394 Hunnorum
595 2345 736 2395 Cattaiinm
774 2348 889 2412 Balgiere
902 2342 1000 2413 prime.
1022 2350 1135 2400 Notieia.
1162 2350 1302 2414 catalogue

210 2421 424 2483 interpretantur.
456 2422 491 2470 Et
510 2420 639 2483 proximor
657 2434 737 2484 paguo
774 2422 975 2474 Provinciamur.
1007 2424 1163 2487 ‘Belgarum
1174 2426 1225 2474 orir
1235 2425 1252 2472 ε’
1261 2426 1302 2475 hir

211 2502 252 2544 ert
279 2494 420 2543 liranum.
454 2493 574 2546 Quinimo
600 2501 629 2544 et
656 2509 737 2559 prope
774 2497 840 2547 enim
855 2498 961 2547 'l'rererl
979 2500 1191 2550 aeeeuaebontnr.
1223 2500 1301 2550 Pom·

211 2570 334 2634 oppidum
352 2568 478 2631 ,Simeram
500 2567 567 2619 fonti
587 2583 679 2619 nomen
697 2585 737 2619 rn·
775 2574 1004 2637 pouiuaMelalib.
1016 2588 1061 2624 nr.
1078 2590 1135 2638 cap.
1148 2580 1186 2624 ll.
1202 2574 1301 2639 ‘Aqui-

210 2652 298 2709 perert
319 2643 474 2694 Humum.
513 2645 614 2707 Aspera
632 2645 737 2709 quidem
775 2649 1035 2698 tanornmtlarlaaimi
1056 2657 1116 2699 aunt
1134 2648 1226 2712 Aurei,
1241 2651 1301 2699 (lel-

211 2725 350 2784 montibus,
362 2722 467 2772 horrida
485 2723 555 2772 ailria
574 2724 654 2788 regio,
664 2723 737 2775 iord·
774 2731 859 2773 tarum
881 2722 978 2784 Hodoi,
1002 2723 1142 2787 Belgarum
1169 2725 1302 2776 Treveri:

209 2807 293 2861 donor,
303 2805 331 2848 et
343 2800 418 2861 plano
436 2798 485 2847 illir
496 2800 594 2849 colonia
605 2800 690 2863 digua,
704 2801 737 2850 da
773 2798 847 2848 Idem
858 2798 944 2849 Julina
955 2799 1051 2861 cesar,
1069 2805 1097 2848 et
1114 2800 1223 2849 'l'aeltnr
1241 2800 1302 2850 aub-

210 2874 305 2938 quallb.
323 2873 404 2922 Varro
423 2874 466 2922 Do
485 2887 513 2923 re
531 2875 605 2924 Rnat.
625 2890 683 2940 pag.
694 2880 735 2927 or.
773 2873 842 2923 inde.
876 2874 1043 2923 Mareelliuua
1052 2874 1097 2925 lib.
1105 2878 1168 2925 ιν
1179 2875 1301 2925 Portitor

210 2950 256 2999 aed
274 2951 315 2999 oni
335 2959 420 3001 tumen
439 2951 464 2999 iu
485 2951 639 3015 triquetram
656 2966 737 3016 prope
773 2948 882 3010 Belgica
901 2947 984 3011 prima
1002 2949 1213 2999 Mediomatricos
1233 2966 1301 3014 prae-

210 3025 317 3075 formum
338 3026 487 3090 adjecentia
503 3023 607 3074 flumina
623 3028 736 3077 omnium
773 3022 868 3084 tendit,
884 3032 912 3072 et
922 3024 1214 3084 i'reriroa,domioillum
1227 3027 1302 3076 Prin·

209 3113 295 3149 rernm
312 3101 414 3162 copiam
433 3107 460 3149 et
477 3113 581 3159 magum
598 3101 737 3151 commodi·
772 3100 859 3161 cipum
884 3098 1001 3148 clarum!
1032 3101 1166 3151 Vitruvio·
1193 3102 1237 3152 lib.
1262 3116 1301 3153 rr.

210 3179 279 3222 tater
298 3171 423 3222 afferunt:
452 3173 519 3221 inter
538 3188 593 3237 qne
610 3173 737 3236 deprerrla
773 3189 830 3236 ean.
842 3178 864 3222 1.
882 3173 932 3222 ‘Iu
943 3174 1047 3238 Belgica
1060 3176 1181 3238 Rhouur,’
1192 3180 1243 3227 dre.
1267 3178 1300 3227 iu

210 3246 290 3296 airola
310 3245 465 3309 profundum
486 3244 602 3308 fluentia,
623 3248 668 3296 illa
688 3263 737 3298 ceo
775 3248 863 3298 tabule
896 3249 1035 3299 itineraria
1069 3264 1146 3314 ruprn
1182 3252 1300 3315 laudata,

210 3321 313 3383 doraum
323 3321 450 3387 quoddam
459 3321 589 3371 editione
599 3323 700 3372 extollit
710 3331 738 3373 et
774 3323 950 3387 grandioribus
972 3325 1065 3375 litteria
1085 3327 1210 3390 aoriptum
1232 3329 1301 3377 Bau·

209 3397 316 3447 eminet.
350 3395 427 3449 Quod
439 3394 536 3445 dudum
548 3397 574 3446 in
591 3398 737 3449 Germania
774 3411 839 3447 oren
866 3412 913 3461 per
940 3399 1038 3449 medior
1065 3414 1145 3465 mque
1163 3402 1299 3452 Treveror.

209 3471 293 3522 tinniit
306 3473 405 3522 notarit
413 3472 528 3521 Tacitus.
541 3474 639 3523 Frelrer.
773 3473 864 3521 Vibina
897 3475 1037 3538 Sequenter
1070 3476 1104 3525 do
1137 3474 1299 3527 fluminibna:

243 3551 274 3597 1⁰
292 3549 430 3597 littraderrr
439 3548 736 3612 manuumque·
773 3548 901 3597 ‘Morella
922 3549 1047 3612 Belgicae,
1071 3549 1210 3602 delinitio
1233 3553 1301 3602 ere·

209 3637 257 3672 nna
267 3620 362 3671 durior
373 3621 659 3672 GalliamaGermrnia
672 3625 736 3675 diri·
774 3623 850 3674 uum.'
882 3624 955 3674 idem
974 3635 1077 3689 postea:
1096 3628 1215 3677 ‘Rhenua
1233 3629 1299 3679 Ger·

209 3696 258 3746 dir.
289 3696 421 3745 Caeterum
443 3695 567 3745 Germani
590 3710 666 3759 quum
691 3699 736 3746 ali·
774 3700 876 3761 manle,
899 3700 992 3762 Belgas
1016 3701 1188 3752 aGermunia
1212 3718 1299 3768 regre-

141 3823 143 3826 ,
209 3769 311 3835 quando
333 3769 434 3819 Renum
461 3771 621 3830 transgrerri,
642 3771 735 3821 Gallim
774 3770 855 3836 gana)
882 3773 1016 3823 ‘Tandem
1029 3778 1163 3839 compleor
1171 3776 1187 3826 ι’
1211 3778 1300 3828 Tertio

209 3847 323 3910 Belgica
338 3844 389 3908 (lta
404 3844 550 3908 appelletur
561 3845 653 3895 Gallim
665 3861 735 3910 prro,
774 3848 878 3911 pedato,
895 3851 971 3898 tertia
983 3851 1130 3900 mansione:
1146 3859 1176 3901 ut
1194 3854 1299 3903 Tacitus

207 3936 284 3986 qnam
303 3917 389 3982 alluit)
407 3926 506 3982 portem
525 3920 573 3970 albi
592 3923 734 3983 proximam
773 3924 884 3986 dixerat,
910 3925 1068 3974 ‘Cerealem
1096 3928 1180 3976 tertilo
1208 3929 1299 3979 oaatrlr

209 3993 617 4058 oeoupaareut,raGalliaetiam
628 3998 734 4046 Germa·
773 3999 940 4061 Mogontiaco
983 4000 1133 4061 Rigodulum
1179 4002 1300 4053 veniere?

208 4070 251 4124 aia
267 4067 317 4118 fuit
336 4067 524 4130 cognominata.
564 4069 648 4118 Quam
665 4079 693 4119 et
709 4071 734 4118 in
773 4072 848 4124 Quod
861 4074 885 4122 iu
897 4074 987 4123 eadem
1003 4077 1119 4124 Mosella
1138 4079 1195 4140 ripn
1212 4081 1298 4143 paullo

209 4144 269 4203 dno,
293 4144 402 4192 liorelln
423 4141 512 4216 florio,
535 4143 686 4211 diviserunt,
708 4149 733 4199 ln
773 4148 1297 4217 propinaaColouia'liererornmnllerat,
