2804 4764
223 293 288 360 936
572 302 677 356 uuum
700 302 897 355 vantonnu
922 306 962 354 uu

230 450 364 499 Conclusio.-
380 448 499 499 Ausoniae
516 447 631 511 Hesperio
644 449 752 513 filiosuo
788 447 890 497 domum
912 447 988 496 Claro
1008 452 1060 495 tuae
1077 445 1171 510 possim
1198 460 1319 511 praepan-

227 524 255 575 S.
274 526 400 588 Scaliger.
788 521 852 571 dere
863 521 958 570 lomina
970 523 1058 585 menti,
1066 522 1120 571 Res
1129 520 1222 587 quibos
1232 526 1320 573 occul·

261 607 273 651 l
293 602 379 664 Ignoto
394 601 499 662 merare]
528 600 558 649 lu
580 608 669 649 vetere
685 602 753 665 Lug·
790 605 830 645 tas
842 597 944 660 penitae
956 598 1088 646 convisere
1099 597 1208 661 possis?

229 677 338 726 dunensi
350 675 439 725 codice
450 676 540 724 titulus
552 684 617 738 erat,
627 677 751 724 Concuv·
820 677 836 721 d
848 673 898 720 Per
907 671 1012 732 mum]
1024 670 1183 720 Aduerbiunr
1193 679 1244 721 est.
1253 672 1320 722 Hes·

229 765 281 801 sto.
303 750 439 800 Ausonius
456 749 596 799 Hasnanro
615 762 690 799 muro
711 762 752 798 su·
789 747 862 810 perio
881 747 918 795 nti
947 753 1070 809 precatur
1103 746 1206 810 longam
1227 746 1319 798 vitam.

229 837 330 875 nvrrrrr.
362 824 394 872 ln
406 824 471 885 aliis,
488 837 524 872 oa
539 837 589 874 svo
605 837 751 874 rtsronvrs
794 821 901 871 Vitiatur.

230 912 314 949 urano
330 911 369 947 tn
385 897 567 948 Gnuuonrun.
601 898 753 962 Adorego·
820 897 890 945 9Ut
906 897 1011 959 protum
1029 901 1054 944 et
1070 896 1104 959 ta]
1122 896 1180 945 Hoc
1200 901 1251 958 est,
1271 895 1319 946 fias

231 976 295 1023 riom
304 974 416 1024 mittitur
431 975 510 1023 etiam
522 974 623 1041 Cupido
635 972 753 1026 crucias·
789 973 867 1023 etiam
889 978 918 1022 tu
937 972 1054 1036 protinus
1075 971 1171 1020 Conaul
1188 978 1248 1035 post
1270 986 1319 1023 mo·

232 1050 306 1110 fixus,
314 1048 432 1114 filiusque
443 1049 497 1099 illic
505 1050 637 1100 salutatur.
659 1050 754 1099 Parum
789 1052 832 1101 De
845 1046 967 1112 Hesperii
980 1055 1065 1097 tumen
1077 1047 1125 1097 filii
1138 1047 1246 1096 Ausonii
1258 1048 1320 1112 poi·

232 1122 317 1173 nutem
325 1129 474 1186 rapuerunt,
484 1123 527 1187 qui
539 1123 587 1172 boc
598 1124 654 1174 loco
664 1124 760 1173 Hecto·
791 1125 977 1177 reconsutam
994 1124 1059 1172 nibil
1079 1125 1204 1188 comperi,
1221 1122 1269 1173 sed
1279 1123 1319 1174 in·

230 1217 277 1251 reoe
287 1216 334 1266 pro
342 1205 437 1249 auran
444 1199 580 1262 legendum
589 1206 754 1249 conruerunt.
790 1201 841 1249 isse
851 1201 941 1249 saltem
952 1213 1009 1248 eum
1022 1199 1205 1247 Proeousulom
1215 1213 1249 1247 ex
1264 1198 1319 1248 Au·

231 1277 314 1326 Roma
329 1288 440 1338 namque
458 1270 560 1324 tametsi
577 1276 710 1325 Hectorea
727 1284 755 1325 et
791 1276 855 1326 aonii
869 1276 895 1324 iu
911 1283 1010 1340 patrem
1018 1274 1115 1325 Julinm
1127 1273 1247 1337 epicedio
1258 1266 1320 1345 cog·

230 1351 342 1414 Trojano
358 1350 411 1398 dici
429 1350 523 1413 potnit,
537 1357 622 1399 tamen
642 1349 754 1400 Ammie·
791 1365 894 1401 nosces:
913 1357 1052 1414 potestque
1064 1349 1206 1412 Hesperius
1223 1349 1244 1399 ia
1261 1364 1320 1400 esse

231 1439 279 1473 nus
302 1423 467 1474 Marcellinus
485 1440 541 1473 earn
554 1426 648 1490 passim
663 1428 754 1476 ‘eeter-
791 1426 935 1475 Proconsul
947 1425 1073 1475 Gratiano
1091 1423 1264 1487 Imperatore,
1276 1440 1320 1475 cu·

231 1501 299 1549 naun'
318 1505 405 1560 vocat,
418 1506 446 1549 et
461 1500 545 1550 Julius
561 1502 706 1564 Frontinum,
719 1503 755 1551 0-
787 1501 831 1563 jus
857 1499 1004 1564 [equitatem
1027 1514 1078 1549 ona
1104 1511 1162 1547 cum
1188 1492 1320 1562 'gravitate

231 1576 315 1626 vidius
333 1577 412 1633 Naso,
432 1577 536 1626 etalii:
554 1578 684 1642 Romaque
706 1593 755 1627 nou
792 1575 955 1624 commendat
976 1574 1124 1624 Ammianus
1150 1575 1319 1624 Marcellinus

231 1651 320 1711 solum,
331 1664 417 1698 rernm
434 1651 511 1699 etiam
534 1652 641 1700 Romani
662 1653 757 1716 princi·
792 1651 819 1700 in
830 1660 948 1700 extremo
959 1651 1025 1699 libro
1035 1650 1153 1701 vicesimo
1165 1660 1267 1700 octavo.

233 1726 395 1790 prestiterunt
413 1725 538 1775 ‘eterni'
556 1729 710 1791 nuncupati:
728 1735 757 1777 nt
825 1728 874 1776 No.
886 1732 933 1776 148
961 1733 972 1776 l
998 1728 1075 1778 Annis
1100 1726 1220 1789 andecies]
1252 1727 1320 1776 Solis

234 1795 755 1864 iuqnartasymmaobiEpistolaadAuso-
792 1803 1005 1867 Lugdunensibus
1016 1803 1064 1852 illis
1076 1802 1230 1852 membranis
1239 1802 1320 1852 debe·

234 1875 314 1935 nium,
334 1876 426 1936 ‘quum
441 1880 595 1923 eternorum
612 1876 755 1939 principum
793 1893 849 1927 mns
860 1878 907 1927 hoo
918 1878 1054 1926 tristicbou
1071 1893 1128 1927 cnm
1140 1893 1185 1926 sno
1197 1878 1245 1927 lroc
1258 1876 1321 1927 titu-

229 1951 283 2012 jam
305 1950 405 2012 pridem
423 1949 496 2013 signa
512 1949 668 2002 comitarer!
688 1953 757 2002 Vine-
793 1955 828 2003 lo.
861 1954 930 2002 Auni
950 1959 1036 2002 autem
1056 1952 1177 2001 undecies
1196 1958 1320 2012 centnm

234 2030 279 2074 lut·
504 2038 509 2045 '
793 2031 841 2078 boc
852 2035 901 2087 est,
912 2028 992 2089 mille,
1004 2034 1031 2077 ct
1043 2034 1155 2088 centnm,
1173 2035 1200 2076 et
1211 2034 1322 2090 quatuor

267 2100 398 2160 antgeut
421 2100 512 2161 Foatoe,
527 2098 580 2162 tro]
597 2101 705 2163 Perpetis
732 2102 757 2149 in
793 2101 1106 2172 anui,et·undeciesnnus
1123 2116 1216 2161 annus,
1232 2103 1322 2163 idest,

234 2175 344 2224 vetustis
360 2174 558 2237 exemplaribus,
582 2176 645 2225 licet
668 2193 759 2240 propes
795 2177 853 2224 anni
876 2177 1004 2238 undecim,
1022 2191 1053 2226 aa
1069 2175 1190 2240 rptauplr,
1205 2177 1254 2225 lroc
1271 2184 1322 2237 est,

234 2265 282 2314 pro
300 2249 381 2298 veloci
399 2263 498 2314 quoqne
515 2251 573 2313 poni
584 2253 760 2314 consueverit,
795 2259 847 2299 tres
858 2250 927 2312 anni,
935 2257 964 2299 nt
974 2252 1053 2299 etium
1064 2251 1210 2313 scripsimus
1220 2251 1245 2298 in
1257 2250 1322 2300 Cor·

233 2324 317 2387 aitque
329 2323 452 2385 temporis
469 2324 611 2385 presertim
627 2324 759 2388 tuguclsu·
794 2339 853 2374 meo
875 2324 908 2373 de
926 2325 1080 2387 Caesaribus,
1100 2325 1163 2374 lirrnt
1175 2327 1233 2374 anni
1251 2327 1322 2376 mille

234 2413 277 2447 ma
288 2405 365 2462 atque
376 2397 552 2460 irreparabilis
564 2399 692 2462 celeritas,
708 2415 759 2462 per·
795 2406 824 2447 et
844 2406 947 2448 centum
965 2408 992 2449 et
1011 2400 1101 2449 decem
1117 2409 1145 2450 et
1163 2408 1239 2451 octo:
1257 2410 1324 2466 quot

232 2488 273 2537 pes
299 2481 393 2534 tamen,
413 2473 481 2537 quod
503 2481 665 2537 perpetuum,
688 2475 758 2538 jugi·
794 2472 906 2522 efficient
928 2482 956 2523 et
975 2475 1120 2538 insequenti
1144 2476 1264 2525 Carmine
1287 2478 1320 2525 ad

235 2559 324 2613 terque
344 2562 480 2610 annexum,
496 2562 579 2612 neque
595 2564 704 2613 uuquam
722 2550 758 2598 io·
795 2549 934 2598 Proculum
949 2550 1018 2599 mille
1029 2559 1057 2599 et
1072 2559 1174 2600 centum
1186 2559 1214 2599 et
1226 2551 1266 2600 bis
1277 2566 1323 2600 uo·

234 2625 356 2675 tercisum
377 2622 514 2688 siguificat,
528 2624 553 2672 in
572 2623 647 2673 fastis
658 2639 759 2674 accom-
794 2637 886 2681 venna
902 2624 1008 2673 condita
1018 2624 1090 2674 Urbe
1105 2638 1186 2688 usqne
1203 2625 1235 2672 ad
1253 2626 1322 2674 Con·

234 2700 436 2750 modatiasimum
447 2698 667 2763 est,quibnsanni
679 2701 758 2749 totius
794 2700 905 2749 sulatum
923 2700 1050 2749 Ausonii:
1067 2701 1113 2750 sed
1130 2716 1185 2766 qne
1202 2708 1262 2750 sunt
1281 2703 1321 2751 hae

234 2782 308 2838 gesta
318 2772 511 2834 disseribantur,
522 2780 550 2824 et
566 2789 616 2839 quo
632 2775 666 2824 sit
683 2775 758 2825 meri·
795 2775 921 2826 rationes?
938 2775 1064 2836 Alcintus,
1077 2776 1233 2838 Haloander,
1249 2775 1322 2824 0nu-

235 2858 263 2899 to
274 2848 554 2912 quaquenotatediet.
571 2850 705 2898 Accuraiua.
795 2850 890 2912 pbrius,
909 2864 939 2899 ac
960 2849 1013 2911 alil,
1031 2850 1075 2913 qui
1092 2857 1181 2899 nostra
1197 2856 1277 2899 atate
1294 2851 1321 2900 in

267 2925 365 2986 uigent
382 2923 478 2986 Foatoa]
494 2924 568 2988 Opus
584 2925 633 2974 boc
660 2925 693 2974 ad
712 2927 762 2975 nos‘
795 2924 1007 2987 recognoscendis
1046 2925 1170 2974 Romanae
1207 2925 1323 2976 civitati·

233 3013 284 3048 noo
301 2998 428 3062 pervenit,
447 2999 500 3048 sive
519 2999 629 3049 Carmen
646 3001 761 3064 idesset,
796 3000 966 3063 temporibus,
995 3006 1023 3048 et
1044 2999 1210 3049 restituendis
1236 3000 1322 3050 Fastis

234 3087 281 3121 seu
292 3075 377 3123 soluta
393 3073 483 3123 oratio.
514 3073 641 3122 ‘Fastos'
664 3081 759 3136 autem,
795 3088 899 3138 operam
918 3080 1156 3136 posueruut,aunos
1176 3074 1217 3122 bic
1234 3074 1324 3124 trede-

234 3148 297 3210 ‘et,'
313 3147 338 3196 id
355 3156 405 3211 est,
424 3149 489 3197 ‘mvi
506 3149 609 3198 nomina
627 3149 758 3213 perpetni'
794 3151 845 3200 cim
886 3149 1125 3214 quattuordecimre
1162 3149 1321 3199 desiderant.

233 3222 347 3285 (perpetio
362 3224 429 3271 euim
446 3222 496 3285 bic,
511 3237 587 3286 quam
602 3225 713 3287 propetis
723 3226 759 3273 le·
794 3226 894 3275 Putant
915 3226 984 3274 enim
998 3223 1138 3274 Ausonium
1154 3223 1233 3273 foisse
1252 3226 1321 3275 Cou-

235 3295 406 3360 geremalirn)
423 3303 568 3361 temporum
584 3299 685 3360 aeriam,
707 3313 760 3347 orn·
794 3301 875 3350 sulem
904 3300 1004 3363 collega
1033 3298 1239 3361 Hermogeniana
1257 3299 1322 3363 Oly·

234 3386 281 3420 nes
292 3371 404 3420 civitatis
415 3373 537 3421 Romanae
549 3387 628 3422 annus
645 3372 677 3421 ab
690 3375 759 3423 Urbe
795 3375 859 3435 brio,
875 3389 942 3424 anno
962 3374 1040 3423 Urbis
1057 3374 1192 3423 millesimo
1209 3377 1323 3425 centesi-

234 3444 449 3495 conditaadmea
465 3460 545 3510 usque
562 3449 758 3511 tempora,quid
795 3466 836 3499 mo
858 3460 886 3499 et
911 3450 1041 3499 tricesimo
1070 3449 1152 3512 primo
1174 3450 1323 3500 secundove

235 3521 342 3584 uirgulta
353 3521 514 3586 gratnm,qoi
526 3522 655 3585 principes
666 3524 759 3572 Roma·
794 3524 858 3589 (imo
877 3528 925 3573 8⁷9
946 3523 1042 3573 Christi
1060 3523 1141 3583 scal.)
1163 3523 1210 3572 sed
1232 3529 1324 3586 potest

233 3597 260 3644 ni
270 3593 387 3657 fuerumt,
397 3596 439 3660 qui
454 3596 589 3659 Consules,
600 3596 694 3661 aliique
706 3613 758 3647 ma·
795 3599 925 3650 Ausonius
937 3599 1000 3648 alios
1011 3599 1053 3648 bic
1064 3601 1241 3647 ease'aecutus
1258 3613 1321 3649 auc·

234 3672 362 3737 gistratna.
382 3672 488 3722 Vinctus,
795 3681 874 3736 tores,
887 3673 1028 3738 qnamipsi.
1046 3673 1201 3735 ignorarunt
1211 3687 1323 3738 namque

265 3752 280 3795 δ
297 3747 417 3808 Vigilotor
426 3745 504 3810 occip‘e
518 3748 607 3811 motu]
625 3749 758 3798 Lucretius
795 3758 895 3799 veteres
907 3748 1014 3798 Romani
1022 3748 1161 3812 Graecique
1172 3749 1325 3812 scriptores,

233 3821 309 3872 libr.
341 3821 410 3870 ‘Sed
421 3829 467 3871 tna
477 3837 518 3871 ma
534 3823 614 3872 virtus
626 3830 721 3886 tamen,
730 3831 758 3873 et
794 3831 823 3872 nt
850 3839 883 3872 ex
904 3823 1031 3885 Dionysio
1056 3822 1279 3873 Halicarnasseuai
1297 3832 1325 3874 et

233 3905 337 3963 sperata
364 3899 481 3962 voluptas
508 3900 598 3948 Suavis
625 3902 757 3963 amicitia,
793 3899 864 3950 Julio
879 3898 965 3947 Soliuo
982 3912 1190 3959 cognosces,non
1208 3899 1291 3949 solum
1307 3915 1324 3949 a

234 3975 349 4036 quemvis
361 3973 476 4038 perferre
487 3974 601 4022 laborem
611 3974 717 4037 Suadet,
729 3984 757 4025 et
794 3989 854 4038 quo,
865 3972 1032 4022 verumetiam
1050 3973 1143 4037 qnibns
1162 3975 1323 4038 temporibus

232 4049 331 4099 inducit
341 4058 430 4102 uootes
439 4050 547 4113 vigilare
558 4065 670 4112 serenas,
679 4053 755 4101 Qtrae·
793 4053 878 4101 Roma
889 4049 968 4097 fuerit
978 4048 1091 4097 condita.
1125 4050 1324 4111 Eratosthenes,

234 4132 332 4175 rentem
341 4128 418 4180 dictis
427 4128 528 4193 quibus,
536 4134 564 4177 et
574 4142 624 4192 quo
635 4127 755 4178 Carmine
792 4124 955 4189 Pomponius
967 4123 1084 4180 Atticos,¹
1098 4124 1203 4175 Marcus
1214 4125 1324 4188 'Pullion
