2804 4764
149 321 236 388 1376
497 334 605 384 noun
628 331 829 383 vauioanu
856 333 895 383 ιιι

149 475 677 542 audemueloquens,rocat‘Aquas'lar-
716 475 773 525 aius
795 475 841 525 lib.
864 486 926 527 ιιι.
945 489 1005 539 cap.
1024 479 1050 526 a
1084 476 1258 542 ‘weng'

148 553 247 606 belles!
279 551 677 604 Satin'eolocooonstititdare
713 552 824 617 iuquit,‘
838 551 1159 618 beoigne,passinquelo
1172 555 1254 619 plari.

147 644 239 694 parum
249 628 325 677 nota?
348 629 479 678 Praeterea
492 627 645 690 Antoninus,
661 641 677 676 a
713 629 760 678 ruis
772 629 849 677 terris
859 628 921 677 alibi
940 626 1042 685 calide,
1060 627 1125 678 alibi
1138 629 1257 700 junctu,

146 719 246 755 summo
267 704 393 768 Pyrenaeo
412 703 577 766 Burdigalam
599 701 676 766 profi·
711 703 780 753 sicat
798 704 824 751 iu
841 702 968 752 'l‘srbelllo
983 700 1145 767 Aquitnioa
1163 712 1253 768 gente,

147 781 304 832 elucentibus
316 779 497 829 accentuum
508 778 618 841 imponit
629 793 677 842 per
712 786 741 828 et
751 779 777 828 iu
789 778 916 842 Pyrenei·
926 778 1064 840 montibus,
1076 778 1153 829 tenui
1167 780 1251 831 inter·

141 855 255 920 ‘Aquas
280 853 455 906 'tarbellicus'
475 854 528 903 iter
553 851 674 904 faciendi.
711 853 973 904 rallodiscerneuta.'
1004 854 1252 918 Quisquamne

146 933 216 986 Quin
228 940 257 982 et
265 930 376 979 Paulino
386 945 419 978 ex
437 928 566 992 Hispania
583 927 676 978 Burdi-
713 930 827 979 arnensis
839 929 921 978 saltus
939 929 965 978 iu
977 929 1106 994 Pyreuels
1116 929 1250 988 uiderant,

146 1010 229 1073 galero
241 1006 409 1057 contendenti
419 1005 487 1054 idern
499 1005 550 1053 iter
560 1004 677 1068 assignat
713 1012 741 1055 et
758 1004 890 1066 biberunt,
900 1017 952 1055 aon
964 1003 1124 1057 dubitabunt
1134 1005 1250 1057 Plinium

145 1084 288 1133 Ausonius:
313 1083 384 1143 ‘jam
400 1080 522 1143 ninguida
532 1078 609 1142 liquit
620 1078 676 1142 Op·
713 1080 746 1130 de
758 1081 939 1131 illisseusisse.
957 1079 1077 1143 Sestium

144 1157 208 1220 pida
218 1157 361 1218 Iberorunr,
377 1154 525 1204 Tarbellica
534 1153 590 1217 jam
603 1159 676 1206 leuet
745 1162 778 1207 2⁰
794 1159 918 1208 Eniila‘an
937 1163 980 1208 nt
1001 1158 1132 1222 &mul
1165 1160 1254 1212 Deest

145 1233 225 1283 aara’
257 1232 350 1282 Vibius
361 1233 502 1296 Sequester
513 1231 603 1294 Aquas
613 1232 675 1282 Tar·
712 1233 821 1297 hujusce
840 1233 1018 1296 disJunetlouts
1037 1234 1152 1285 altcrm
1168 1250 1248 1286 ιιιιι·

143 1308 333 1358 bellieaarooat
350 1308 498 1357 ‘civitatem
507 1307 674 1358 Tarbellam!
712 1308 795 1359 brum.
830 1311 901 1373 Lege
928 1309 1028 1373 igitura
1061 1310 1192 1361 Bullia·
1216 1313 1247 1361 d

144 1382 251 1447 ‘Atyn'
272 1383 365 1446 iuquit,
390 1383 539 1439 ‘Tarbella
560 1383 674 1434 civitatis
711 1383 836 1434 Senam.
867 1381 923 1433 Aut
943 1383 967 1433 si
986 1383 1043 1434 brec
1060 1397 1114 1435 non
1137 1385 1247 1450 arridet,

145 1459 293 1523 Aquitaniae
305 1460 331 1507 in
350 1459 486 1508 Oceanum
506 1458 581 1509 duit!
614 1460 673 1510 Hoc
710 1459 923 1509 tametsisiueera
942 1458 1250 1524 sitotgenuinaloet503

143 1536 208 1597 dial,
224 1536 284 1600 quia
295 1543 323 1584 et
340 1534 470 1584 ‘Turbam
488 1535 672 1599 Bigerronuru’
710 1549 817 1599 repone,
826 1535 984 1598 Berytiasaae
995 1535 1110 1587 Prolem.
1131 1537 1245 1602 Dequl·

144 1618 237 1674 potant
258 1610 362 1674 quidam
385 1610 423 1659 ita
442 1609 549 1668 dictam,
569 1611 630 1674 quia
645 1611 672 1661 ln
710 1610 759 1661 bus
770 1611 953 1661 Grammaticis
963 1609 1038 1674 plura
1049 1610 1084 1662 ad
1096 1612 1186 1663 ὒιιιιι.
1199 1626 1248 1665 xr.

142 1686 271 1736 Tarbellis
291 1686 381 1734 volunt
397 1699 473 1734 esre:
499 1685 673 1750 quodfalsum
709 1686 855 1738 Professor.

141 1769 196 1811 eut:
211 1760 445 1825 tumquiaquidum
454 1760 542 1825 Aquas
551 1761 672 1826 Bigerro·
741 1767 772 1812 at
790 1762 956 1826 Aquituuoqus
974 1762 1081 1828 mass]
1109 1764 1244 1817 ononis

142 1852 204 1887 nuno
216 1837 319 1887 essdeaa
330 1850 386 1886 ease
397 1851 455 1887 cunr
473 1837 555 1901 Aquis
564 1837 672 1888 Tarbal·
708 1835 996 1901 facbtcopulanerito
1004 1850 1243 1904 quamnquam

141 1915 255 1966 leonibus
284 1915 372 1964 uolunt
396 1913 446 1964 bac
472 1914 572 1964 ratione
599 1915 673 1979 moti,
707 1913 743 1964 sit
753 1914 892 1978 appositio,
901 1915 986 1965 nultos
995 1916 1245 1980 aostreterdqfflas

142 1991 210 2054 quod
221 1990 331 2039 Turbam
343 2005 358 2037 a
376 1988 504 2038 Tarbellis
516 1988 612 2039 dictam
628 2004 672 2040 ro·
707 1992 810 2041 nonina.
827 1991 915 2043 Quare
924 2005 984 2041 meo
994 1991 1113 2054 periculo
1123 1991 1243 2057 porrigat

141 2064 208 2114 lunt.
242 2063 278 2113 At
297 2064 380 2113 sciam
401 2063 443 2113 isti
456 2063 568 2113 Turbam
580 2064 670 2128 Blpar·
706 2070 825 2117 aortrates
836 2066 980 2129 Aquitanico
990 2066 1088 2117 aoniae
1098 2068 1188 2117 ntes·
1194 2066 1241 2128 ,·s'd

141 2152 232 2188 ronuta
253 2153 326 2188 ease:
345 2145 470 2187 eteorum
483 2139 671 2201 Episcopnon
707 2148 757 2203 est,
784 2142 936 2206 Aquitanos.
977 2142 1022 2192 Sic
1051 2142 1081 2191 iu
1109 2143 1242 2195 Urbibura

139 2215 351 2276 tabenensium,
376 2213 423 2262 sed
449 2213 620 2276 Bigerronuru
642 2216 669 2266 in
709 2216 847 2280 Tectosagos
862 2216 1088 2281 promicantem
1108 2217 1243 2269 vamta-

141 2291 254 2354 antiquis
270 2289 379 2354 Syneon
390 2289 457 2338 dici:
479 2288 605 2353 bodiequs
616 2304 668 2340 uon
706 2294 819 2357 gendum
829 2309 889 2345 esse
898 2294 953 2345 illic
964 2293 1060 2356 monui,
1072 2300 1104 2344 et
1120 2295 1241 2358 pluribus

139 2366 215 2415 aliter
234 2373 350 2414 vocatur.
383 2363 518 2413 Praeterea
536 2363 606 2412 eliud
627 2373 667 2415 est
706 2370 842 2420 adanon:
877 2384 933 2433 pro,
963 2369 1109 2432 Pugnoqus
1136 2371 1241 2421 ιιοιιιίκ

140 2440 235 2501 Tarba,
265 2440 335 2489 aliud
367 2441 492 2492 Tarbelli.
528 2442 668 2494 Postremo
704 2446 807 2495 Ibidem
819 2445 964 2508 Aqoituaion
982 2459 1040 2494 rurs
1055 2443 1135 2505 dixit,
1149 2453 1182 2495 ut
1199 2447 1241 2496 bic

139 2517 190 2566 alio
210 2517 311 2565 nomine
327 2515 379 2580 Aqs
403 2518 527 2581 oppidum
547 2527 666 2569 vocatum
703 2522 848 2585 Aquitanica
868 2522 972 2570 nonina.
1005 2519 1057 2570 Sed
1082 2534 1134 2571 nec
1157 2521 1241 2572 editio

138 2592 200 2654 suit,
228 2593 279 2641 alio
306 2594 357 2642 illae
383 2595 555 2655 Bigerrouurn
582 2597 665 2645 Ther·
704 2605 789 2657 vetus,
802 2612 851 2660 qua
868 2596 1001 2645 Fruterius
1020 2610 1081 2645 usur
1097 2603 1148 2658 eat,
1161 2598 1240 2648 aliter

139 2684 196 2717 ma.
229 2669 297 2718 Nam
318 2669 379 2731 Aqs,
399 2669 469 2733 quod
489 2669 514 2718 iu
529 2670 665 2731 Tarbellis,
703 2673 808 2734 babuit;
827 2673 871 2737 qul
882 2671 1017 2721 lectionem
1028 2672 1096 2720 banc
1108 2673 1178 2720 male
1189 2673 1240 2722 rol·

138 2751 199 2793 suut
218 2744 396 2793 ‘Tarbellicae
422 2743 531 2807 Aquaet'
556 2752 585 2794 et
602 2746 664 2795 civi·
703 2748 822 2807 licitavit,
833 2755 860 2795 et
871 2760 917 2809 pro
927 2760 957 2794 ea
966 2746 1239 2809 Aquitannqasaoraiao

136 2829 177 2871 tas
189 2821 358 2886 Aquensiuni.
375 2821 448 2870 Istud
461 2835 521 2869 vero
533 2823 665 2884 oppidum,
702 2823 847 2884 supposuit.

138 2897 206 2962 quod
232 2911 282 2945 non
307 2897 410 2957 civitas,
425 2897 471 2946 sod
496 2897 569 2946 vicus
585 2908 666 2961 esset,
734 2902 766 2947 at
784 2898 859 2946 Poeue
876 2897 937 2945 Jove
955 2896 1001 2944 iste
1016 2895 1094 2957 salar]
1119 2895 1239 2961 Alcides,

136 2975 241 3023 ‘vicani
265 2972 412 3037 Aquensea'
429 2973 502 3023 dicti.
535 2973 566 3022 Id
591 2982 665 3036 patet
706 2974 840 3034 Hercules,
863 2972 975 3022 Atlantis
992 2970 1143 3035 discipulus,
1162 2972 1237 3025 Jouis

135 3064 168 3099 ex
178 3049 281 3111 egregia
293 3049 471 3110 inscriptione,
480 3063 555 3111 quum
567 3063 615 3112 ego
631 3052 663 3100 ud
701 3047 768 3097 iilius
779 3048 858 3097 sitisse
869 3048 1021 3113 perhibetur
1040 3061 1074 3095 ex
1094 3048 1234 3098 adulterio.

135 3124 258 3187 oppidum
275 3124 302 3172 iu
322 3124 416 3173 sacello
434 3122 546 3186 quodam
568 3126 663 3186 reperi,
702 3125 822 3175 AEacides
851 3140 911 3174 vero
935 3124 1061 3183 Achilles,
1088 3125 1235 3188 discipulus

135 3214 191 3263 que
204 3200 229 3247 in
248 3212 309 3251 saxo
320 3197 514 3260 elegantissimo
533 3213 592 3248 cuni
604 3200 663 3248 sim·
702 3201 828 3260 Chironis,
847 3201 918 3251 loris
933 3199 989 3248 fera
1007 3198 1147 3249 fuitfilius.
1183 3201 1232 3250 Pe·

136 3275 197 3336 pulo
218 3282 247 3322 et
266 3273 338 3322 disco
361 3272 482 3320 libatorio
507 3271 605 3321 affabre
625 3275 663 3323 in·
700 3277 767 3325 leoni
790 3278 856 3327 enini
881 3284 980 3340 patrem
996 3277 1103 3327 habuit:
1134 3278 1233 3327 Peleus

132 3350 235 3410 sculpta
246 3358 310 3397 erat.
336 3350 422 3397 Euius
437 3348 529 3397 babet:
547 3349 572 3397 N
577 3363 663 3399 νιιιιιι
702 3351 808 3400 AEacuuu
821 3353 888 3402 Jove
901 3353 1025 3416 genitum.
1046 3353 1153 3401 Vinctus

134 3424 269 3472 Avovsrr.
288 3425 569 3474 Sacuvus.aecunnva.
590 3425 660 3474 Saua-
731 3433 763 3477 tu
781 3428 889 3488 llicego
907 3427 1037 3490 Ausonias]
1066 3429 1229 3492 Absquesy·

134 3513 259 3551 nunonis.
281 3514 333 3549 rra.
350 3513 470 3550 nomiae.
487 3501 661 3552 Vicaaonvut
698 3503 819 3566 nuloepua
841 3503 1061 3566 pronunciandum
1085 3505 1144 3554 boe.
1178 3507 1230 3555 Ve-

131 3574 308 3627 Aoueusrvur.
319 3589 360 3625 nr.
377 3590 434 3625 avo.
453 3589 556 3626 nostru.
589 3578 660 3625 Pru·
698 3594 753 3629 rum
774 3581 831 3641 quis
850 3581 892 3629 bic
909 3580 1048 3641 Autronius,
1059 3586 1086 3629 et
1097 3582 1154 3644 quis
1167 3582 1230 3630 Sua·

133 3657 205 3700 terea
235 3651 381 3713 considera,
406 3667 483 3717 quarn
504 3654 580 3716 longe
609 3654 661 3704 sint
698 3656 948 3719 griusSyagriusve?
967 3662 996 3703 ut
1017 3663 1131 3719 utroque
1149 3656 1228 3707 modo

130 3727 246 3776 Tarbelli
270 3743 285 3776 ι
303 3729 496 3791 Bigerrouibus,
514 3744 572 3778 oum
592 3730 660 3780 iuter
697 3732 752 3780 sine
774 3732 835 3780 vitio
854 3731 984 3780 scribebat
995 3731 1128 3794 autiqunrn
1140 3746 1227 3781 exem·

131 3818 175 3854 eoa
186 3818 281 3867 magua
297 3807 399 3866 civitas,
410 3821 455 3856 eeu
466 3808 576 3870 populna
593 3807 658 3856 Atu·
695 3809 761 3872 plur.
773 3825 802 3858 ac
811 3811 833 3857 si
841 3809 923 3858 Polite
931 3809 965 3858 ait
973 3808 1116 3871 Ausonius,
1125 3812 1230 3874 quaudo

130 3882 212 3929 reneis
223 3882 375 3943 interjectus
384 3880 476 3931 fuerit:
495 3884 587 3947 dequo
597 3884 657 3934 alibi
695 3887 743 3934 boc
760 3885 815 3947 ipse
832 3885 937 3946 scripsit
948 3884 1133 3934 bexasticbon?
1145 3892 1172 3934 et
1182 3886 1225 3935 cui

129 3958 203 4008 satis.
237 3959 320 4008 Porro
337 3959 395 4009 aliae
413 3975 486 4022 aquae
502 3961 656 4010 soutiudo·
695 3976 742 4010 suo
752 3961 817 4010 libro
829 3961 1007 4024 praescripsit?
1042 3960 1138 4012 Athon
1156 3961 1226 4026 ride,

129 4035 208 4084 minio
218 4034 403 4095 Benearuenai,
413 4037 527 4085 salubres
535 4045 656 4098 potn‚ca·
693 4037 820 4101 quomodo
839 4037 867 4086 iu
884 4042 985 4086 vetusto
1000 4036 1046 4085 illo
1058 4037 1225 4100 lugdunensi

127 4108 187 4159 lidae
206 4117 234 4159 et
250 4109 351 4173 frigidae
368 4111 467 4173 juuotoe
485 4113 554 4160 nullo
574 4128 655 4177 prope
693 4114 759 4164 libro
772 4115 882 4176 positum
900 4120 966 4163 erat.
1000 4114 1121 4165 Diximus
1137 4118 1224 4173 modo,

129 4184 282 4235 intervallo:
304 4187 337 4236 de
354 4188 445 4251 quibua
461 4187 590 4240 intellexit
600 4192 655 4242 Pii·
693 4191 745 4241 illie
755 4190 845 4240 decem
856 4196 884 4240 et
893 4204 984 4240 uorem
993 4199 1092 4241 tantum
1101 4192 1222 4244 babuisse
