2804 4764
383 336 535 393 susorsrr
558 339 786 390 ousrrsuurr
808 340 1013 394 sorronsu.
1154 329 1239 395 1341

159 477 418 541 istum,qusntslios.
437 479 541 529 Visetur.
752 482 848 531 Dostsr
856 484 919 532 enirn
929 482 1151 548 adunabitur]
1168 484 1240 549 Siqui
1291 489 1293 493 '

191 555 246 616 §lb
266 553 314 607 Qus·
323 553 583 616 unimusexpriss]
603 555 683 606 Quin·
720 565 817 607 restent
834 559 918 621 Fabii,
933 559 1077 621 Scipiones,
1087 560 1197 621 tierent,
1212 567 1241 609 et

159 634 218 677 ctos
229 627 337 677 Cicero:
353 629 361 654 ‘
374 626 484 677 Prodest
496 628 597 691 quidem
607 630 683 678 rebe·
720 632 764 680 eiii
776 647 807 682 ex
816 634 926 696 antiquis
940 635 990 682 iiiis
1001 634 1076 683 oloris
1088 633 1199 696 isiniiiis,
1209 649 1241 684 so

157 711 270 765 uenter,
280 717 406 766 nusquam
420 704 520 764 deesse,
530 704 577 754 sed
596 712 682 755 tumen
718 707 781 770 siqui
793 709 878 756 Romo
890 709 941 756 siut
952 709 1015 771 uoti,
1026 709 1052 758 bi
1063 711 1155 760 ceteris
1174 726 1240 775 prae.

157 779 200 829 bio
210 777 309 827 fruetus
320 786 361 827 est
370 778 528 828 assiduitatis
539 793 589 828 oon
600 781 682 830 soiurn
716 780 844 832 feruntur.
862 784 936 833 Idem.

156 867 215 904 esse
231 853 319 902 itone
336 859 415 915 utque
433 852 461 902 in
480 851 548 914 foro,
564 854 609 904 sed
621 855 681 904 ussi·
751 858 849 906 Dustsr
865 859 926 907 rsisss
936 858 1010 908 mito
1019 860 1149 910 nominibus
1165 867 1189 912 et
1204 868 1241 913 ost

158 929 210 979 doe
221 937 319 993 petere,
330 942 401 992 sepe
411 927 515 978 eosdem
531 927 681 991 appetisset
717 932 786 981 iton.
794 947 838 994 pro
848 933 942 996 necin]
964 934 1021 983 Nou
1031 934 1156 986 satisfacit
1166 952 1242 988 suos·

158 1004 234 1055 Iden.
718 1005 805 1055 bolum
817 1008 905 1069 Urbis,
917 1018 1054 1072 otoornqne
1070 1011 1184 1073 explicet
1194 1014 1240 1062 vi-

190 1079 241 1136 eri
259 1077 397 1141 offmutsrr
409 1078 536 1141 motion]
555 1077 593 1128 Ut
610 1078 681 1128 Pub-
718 1089 807 1131 uetus:
824 1083 895 1146 quiesi
906 1085 975 1133 uitiis
990 1091 1059 1134 esset
1073 1085 1195 1135 uobiiitss
1206 1088 1242 1137 ei·

157 1155 208 1203 iius
217 1154 350 1204 Cornelius
360 1152 448 1215 Scipio
459 1151 623 1202 AEnrilisnus:
637 1153 681 1216 qui
718 1156 757 1204 vis
769 1159 885 1218 Romani,
896 1159 944 1207 nisi
957 1160 1065 1221 preciso
1077 1161 1166 1209 Rome
1176 1163 1240 1212 neti.

158 1244 236 1294 quous
255 1228 409 1282 Quaesroriis
426 1228 536 1277 comitiis
557 1225 682 1291 suffrsgs-
718 1229 853 1293 Doridem,
863 1233 1240 1297 prosapio,gesss,sortsso‚sot

157 1313 200 1354 tor
209 1305 315 1357 Quincti
326 1303 399 1352 Fsbii
415 1303 522 1352 birxirni
538 1301 626 1353 frutris
636 1302 682 1352 filii
717 1304 812 1367 siiquid
823 1307 914 1356 sirniio.
932 1307 1072 1358 Gronovius.

156 1382 184 1430 iu
206 1381 331 1443 Comporu
352 1379 475 1430 Mettium
499 1379 683 1443 descendisset,
748 1380 846 1429 Dostsc
863 1382 925 1431 esim
940 1384 1013 1432 mrito
1032 1385 1176 1450 nominibus]
1195 1386 1240 1437 Se.

156 1456 254 1506 &usui
266 1455 359 1505 iterum
370 1469 385 1503 s
396 1454 490 1517 populo
500 1453 620 1503 reductus
631 1464 681 1505 est.
716 1467 782 1502 neco
792 1454 824 1503 de
836 1454 928 1504 Bruef.
937 1456 982 1506 lib.
993 1470 1063 1508 runo.
1074 1472 1143 1510 xxx.
1168 1461 1241 1510 ‘Aii-

157 1530 277 1580 Vsierius
295 1530 355 1579 libri
372 1530 458 1579 ootsvi
476 1529 563 1592 cupite
582 1529 681 1580 ultimo.
717 1530 819 1594 quoodo
839 1532 956 1582 dsturuni
973 1550 1014 1584 rue
1032 1536 1110 1586 etiarn
1129 1538 1239 1602 indignis

155 1606 222 1655 Brut
230 1613 316 1654 sutem
326 1604 451 1653 Ausonius
459 1603 486 1653 io
497 1604 596 1654 (isiiiss
613 1604 681 1654 Gro-
716 1608 832 1670 quodum
851 1622 902 1657 non
913 1611 1066 1674 segevertus,
1077 1611 1104 1662 iu
1119 1613 1239 1665 honorem

157 1681 241 1729 tisuus
259 1680 285 1729 iu
309 1679 453 1740 Psuuouis,
470 1686 498 1728 ut
514 1679 584 1729 dicet
601 1678 679 1730 infru.
717 1683 841 1731 siiorurns
856 1685 922 1734 siout
932 1687 958 1734 iu
970 1686 1088 1746 petendis
1100 1682 1239 1737 honoribus

157 1754 233 1808 [dens.
717 1758 838 1821 quosdam
852 1759 1010 1821 turpissimos
1025 1761 1144 1810 nobilitas
1155 1761 1239 1809 indus-

190 1830 380 1894 Qsioffernssr
395 1830 680 1895 mansuetudini,
717 1832 840 1891 triis,scd
859 1833 940 1893 noris,
956 1835 1080 1897 pretulit.
1114 1836 1239 1886 Noouios

157 1905 255 1968 quibu:
278 1906 359 1966 msie;
379 1921 438 1956 usus
457 1919 596 1970 pronomen
611 1907 680 1958 istud
716 1906 829 1954 rsuone:
847 1920 919 1954 soors
937 1913 978 1956 est
994 1921 1140 1970 msgosrum
1159 1909 1239 1959 virtu-

156 1987 185 2030 et
201 1981 227 2029 iu
245 1981 451 2044 procedentibus
465 1988 494 2030 et
509 1983 534 2029 in
552 1982 680 2045 sequenti·
715 1985 770 2029 turo
787 1981 925 2029 memoris:
942 1987 970 2029 et
987 1994 1044 2031 esse
1061 1982 1147 2044 piures
1158 1982 1238 2034 bonos

156 2056 204 2106 bos
223 2055 334 2105 refertur
353 2056 385 2105 sd
402 2055 562 2115 candidatos,
578 2069 628 2105 uon
645 2056 679 2106 od
711 2055 797 2118 juvat,
818 2056 840 2105 si
861 2057 943 2120 grstio
964 2057 1086 2107 bonorum
1107 2071 1157 2107 oon
1179 2072 1238 2110 corn

156 2129 318 2181 Conariutus.
343 2131 402 2180 Nou
423 2132 490 2181 ossio
507 2131 617 2180 vinetus
635 2145 678 2180 ex·
714 2129 777 2192 ipsis
796 2128 881 2181 cedat.
907 2130 1057 2180 Ciceronem
1077 2129 1156 2181 tilium
1180 2146 1239 2197 quse

156 2205 243 2268 empio
259 2205 363 2253 minoris
376 2203 492 2254 Africani
504 2205 592 2254 utitor.
616 2206 678 2255 Pro·
715 2218 757 2255 res
766 2205 902 2255 Consulens
912 2206 985 2269 feeit,
995 2207 1044 2255 nisi
1056 2216 1131 2270 peter
1139 2206 1162 2255 i'
1177 2210 1227 2258 dre.

156 2280 213 2343 pios
225 2287 310 2330 umen
321 2279 358 2330 sio
370 2279 472 2329 ridetur
484 2280 677 2344 explicandum:
747 2282 762 2344 ξ
775 2285 805 2330 ii
823 2283 941 2337 Quium
956 2283 1017 2331 buno
1025 2281 1137 2344 mou]
1153 2282 1238 2346 lego:

157 2357 201 2419 qui
225 2355 294 2406 forte
321 2362 374 2405 turn
396 2357 519 2418 temporis
540 2364 680 2406 occurrunt
717 2355 823 2410 ‘imos
839 2356 879 2404 isio
891 2358 981 2418 podes
998 2358 1053 2406 soni
1069 2356 1174 2421 bertini
1192 2359 1239 2421 tut,

157 2429 364 2494 Principisutiu
383 2431 507 2483 ooniitstu
523 2439 679 2495 suut,qouus
714 2430 830 2492 Auguste.
848 2432 979 2480 Constituis
995 2431 1098 2495 ossone,
1116 2433 1156 2492 be.
1180 2432 1239 2483 Nisi

157 2506 263 2555 comitis
274 2504 384 2555 ordinet.
402 2505 542 2556 Groeooiss.
715 2506 772 2568 quis
784 2507 864 2569 molit,
877 2513 976 2570 quostiu
991 2506 1030 2555 bio
1039 2509 1129 2568 produc
1142 2521 1168 2556 rs.
1181 2506 1204 2556 b.
1218 2512 1239 2558 t.

190 2582 241 2637 Qui
252 2581 518 2645 ssffmtsroooosiosr]
537 2582 615 2631 Forte
628 2582 679 2632 oui·
714 2579 837 2642 Augustei
854 2595 912 2631 nom
932 2587 1240 2645 productissimum

155 2658 240 2719 iegarn
260 2657 377 2712 denotat,
398 2656 430 2705 de
452 2669 503 2719 quo
526 2658 677 2720 postpsulo:
715 2651 798 2705 tuitio
814 2672 959 2720 papyraceo
977 2658 1112 2707 Vossisuo.
1139 2657 1239 2709 Praefo·

153 2731 525 2782 ‘sedumeusoboodietom
542 2739 679 2782 erexerunt
714 2742 768 2777 nm
792 2739 890 2792 tomen,
909 2746 985 2794 quem
1007 2732 1129 2794 iodiossi,
1149 2733 1241 2783 lectio·

146 2806 321 2869 ,snimos,qui
336 2806 447 2856 libenter
462 2806 628 2855 clarissimum
641 2807 678 2856 vi·
713 2818 780 2856 nens.
808 2808 871 2855 Tres
892 2807 959 2855 eninr
977 2806 1070 2869 pedus
1086 2808 1239 2858 meminent

156 2897 212 2932 runs
224 2883 347 2945 ooiiegsm
364 2896 457 2941 meum,
474 2896 549 2946 quem
567 2897 678 2946 presen-
714 2879 842 2929 Ausonius
871 2879 999 2938 beneficii,
1032 2895 1090 2928 ouos
1122 2880 1238 2938 dixisset,

155 2963 209 3006 tero
226 2957 338 3007 bsbebst
353 2957 463 3018 orsorio,
478 2958 613 3020 preciosum
624 2972 678 3007 ore·
713 2955 796 3020 ‘quot
817 2956 919 3020 qrsidern
943 2962 971 3004 et
993 2957 1047 3017 ipso
1068 2955 1238 3020 [constrictus]

155 3031 297 3081 didisseut’
324 3030 392 3081 Nibii
402 3031 444 3081 nic
456 3032 611 3090 mutandum.
630 3034 677 3083 Lu·
714 3030 761 3080 sibi
777 3031 875 3078 invenit
892 3029 1017 3092 grsdnsi'
1033 3030 1120 3078 borum
1132 3031 1238 3094 primus,

154 3107 225 3156 tinus
237 3106 392 3155 Psootusde
408 3105 567 3157 Theodosio:
584 3107 677 3157 ‘Solos
713 3106 781 3171 quod
798 3105 987 3167 nuncupatione
1003 3104 1080 3154 suerit
1100 3106 1238 3168 prointus:

154 3182 243 3244 igitur,
264 3180 389 3244 Anguste,
409 3183 487 3243 soios,
505 3184 615 3247 inquom,
624 3197 677 3232 om-
713 3182 789 3242 niter,
801 3179 869 3243 quod
888 3193 992 3228 mouere
1012 3188 1066 3241 too,
1078 3194 1129 3228 uon
1147 3195 1237 3243 possus

152 3257 233 3316 mum,
257 3258 300 3320 qui
321 3255 405 3305 sdboo
428 3257 629 3320 imperaverunt,
649 3263 679 3308 ut
715 3266 797 3320 septo,
815 3261 863 3306 &o
889 3257 982 3306 tertios
1003 3254 1063 3317 tuit,
1088 3257 1157 3321 quod
1186 3271 1237 3309 nou

152 3330 512 3394 priooepsesses,prsestitisti.
528 3334 600 3382 Alios
609 3341 679 3383 emto
714 3334 771 3398 pori
783 3349 840 3384 cunr
851 3333 948 3383 ueteris
959 3348 1036 3384 ceusu
1046 3333 1141 3383 Cousui
1152 3332 1237 3384 foetos

151 3406 282 3469 legionum
294 3404 496 3469 suffrsgis,siios
507 3409 677 3471 venustula,
713 3408 799 3459 fuerit.
826 3409 939 3461 Quartus
955 3408 996 3458 bie
1006 3409 1099 3472 grudns
1110 3414 1160 3470 est,
1169 3409 1236 3473 quod

152 3483 216 3530 elios
236 3480 346 3531 sffiuitus
365 3483 435 3545 regis
453 3482 598 3544 imposuere
618 3484 677 3533 Rei·
713 3484 740 3532 iu
761 3482 918 3532 conserendo
942 3482 1083 3533 Cousuistu
1107 3483 1154 3532 sibi
1181 3484 1238 3546 ipse

153 3555 280 3618 publicu
307 3564 334 3606 te
355 3569 404 3606 neo
424 3557 545 3618 subitus,
565 3573 614 3607 nee
635 3573 678 3608 oo·
707 3558 852 3619 ,Grotisoos
869 3555 963 3620 aufert,
979 3573 1030 3621 quo
1041 3558 1181 3607 Ausonium
1197 3573 1237 3609 or·

153 3631 230 3691 ossio,
241 3645 288 3680 neo
300 3632 476 3696 propinquitas
487 3631 676 3697 priucipomie·
713 3639 768 3694 not,
788 3633 905 3697 bonoque
924 3633 1000 3682 suini
1018 3633 1056 3682 soi
1080 3633 1113 3682 ad
1129 3632 1238 3683 Ausonii

150 3705 263 3755 cernui!
713 3709 887 3772 prestantium
899 3706 1044 3771 refertote.
1070 3708 1236 3760 Coosuistosu

187 3782 245 3843 §lo
261 3782 437 3843 [indignitatis
444 3781 588 3845 pampus]
606 3783 677 3834 Quos
713 3781 779 3830 eninr
797 3781 838 3829 bio
850 3795 943 3829 novum
953 3782 1068 3844 sppeiist
1084 3774 1235 3831 beneficium

151 3854 186 3905 ob
197 3869 237 3903 res
247 3863 331 3904 teoum
340 3858 439 3906 miiitiae
450 3858 574 3919 pressiore
582 3865 678 3921 gestus,
713 3856 959 3918 respectuprioruns,
968 3856 1122 3916 Questure,
1129 3863 1157 3905 et
1165 3857 1236 3905 Ρη·

152 3932 337 3981 Consuistibus
348 3944 471 3982 osoruus:
487 3940 517 3982 et
527 3935 553 3982 iu
570 3933 608 3982 bis
619 3940 676 3982 tuos
713 3928 878 3989 fecturorum,
893 3929 984 3993 quibus
994 3930 1123 3979 Ausonios
1134 3945 1149 3979 o
1160 3929 1236 3980 disci·

151 4005 344 4069 isebooilegss,
360 4014 388 4056 ut
400 4008 523 4069 Probum,
534 4009 676 4072 liquidum,
713 4008 774 4068 poio
786 4004 910 4054 Grstisno
926 4002 1011 4054 fueret
1026 4011 1139 4053 orustns.
1166 4005 1235 4067 Ergo

153 4081 388 4144 Merobodemjsm
402 4083 471 4134 iuter
488 4084 550 4133 elios
559 4083 676 4135 erexisti.
712 4080 742 4130 ri
759 4080 851 4128 ‘nori'
866 4081 908 4130 bio
927 4079 1031 4129 verbum
1053 4093 1105 4129 uon
1122 4086 1171 4140 est,
1189 4079 1235 4129 sed

157 4156 262 4207 Visetur.
644 4163 648 4170 '
714 4155 849 4220 epitbetou
863 4156 929 4204 ποῦ’
941 4153 1077 4219 beneficii,'
1091 4155 1125 4205 sd
1142 4168 1236 4220 ungen-
