2804 4764
479 337 635 387 ausourr
659 337 806 388 osseas
831 341 964 391 nunus.
1181 328 1265 394 1021

160 478 221 535 qun
233 473 403 522 asemaoulis
410 473 695 537 Arlesdlcitur3‘Are·
733 477 854 527 bonomia
881 478 1116 542 splendidissimum
1139 483 1264 546 oppidum

159 544 229 596 lats’
245 547 428 610 al’onspouio,
444 549 582 610 Strabone,
598 550 694 611 Plinio,
732 553 856 603 Rhodano
884 555 1044 618 impositum,
1081 556 1264 607 Mamilisrism

158 620 321 685 Tranquillo,
338 621 512 683 Marcellinu;
528 623 693 674 ‘Arelatem’
731 627 827 678 dictam
849 628 936 691 fuisse,
957 628 1063 692 primus,
1085 630 1154 694 quod
1176 633 1265 694 sciam,

159 711 177 744 s
196 696 352 746 Ptolemeo.
384 697 426 747 Ab
445 697 575 748 Antonino
593 706 693 748 utrum·
730 703 847 765 Scaliger
869 703 1035 753 observavit:
1064 705 1124 754 inda
1146 706 1265 772 sublege·

159 787 221 835 que,
238 773 289 822 nisi
301 774 466 825 mendamsit
483 777 508 824 ln
527 775 605 826 codd.
640 776 693 829 Aut
731 786 790 828 runt
808 778 933 839 Ortelins,
950 787 979 827 et
998 780 1119 841 Merula3
1134 788 1163 831 et
1180 783 1264 833 credi·

157 845 384 910 igituremendsri
405 850 538 912 conuenit,
555 852 593 900 De
608 853 693 902 Arela-
729 852 791 903 dere
800 853 1043 918 adseveranti,quia
1052 855 1145 918 lapidis
1154 858 1263 922 inscrip-

158 923 220 971 tessrs’
238 923 395 972 arborosus
411 925 446 974 ab
458 924 564 974 Arelate
581 925 691 976 ιΑιοΙι-
730 927 749 974 tl
774 928 921 977 testimonio
946 929 1083 979 niteretur.
1117 930 1155 981 At
1176 933 1263 991 hodie,

159 999 254 1048 tensis’
263 998 295 1049 lit
306 1000 384 1049 etism
395 999 557 1063 Symmacho,
574 1014 605 1050 ac
616 1001 692 1050 Sido·
729 1018 786 1052 cum
798 1003 881 1066 ipsum
894 1003 1007 1067 lapidem
1029 1006 1054 1053 in
1066 1007 1181 1056 Grutero
1201 1008 1263 1058 mlhl

157 1075 210 1136 aio,
228 1076 276 1125 sed
289 1083 317 1126 et
328 1076 432 1127 Plinius
451 1078 491 1137 sol
508 1077 590 1141 (quud
603 1079 691 1140 placet
728 1078 879 1141 contigisset
890 1077 1029 1140 inspicere,
1045 1079 1173 1142 Scaliger,
1190 1083 1260 1146 qtsod

157 1150 253 1213 magis)
264 1151 429 1214 simpliciter,
440 1150 483 1203 ua
491 1152 598 1202 Arelate.
633 1155 693 1206 Quo
728 1160 842 1202 monstro
853 1154 937 1202 simila
949 1161 998 1215 est,
1015 1153 1120 1218 ἐφωράθη
1129 1154 1193 1218 pleps
1206 1157 1262 1208 λίυ

157 1234 249 1277 tenure
265 1227 506 1289 ureterascatalogi
526 1228 584 1290 ejus
600 1241 690 1277 omnes
728 1228 857 1291 ἀτυχήσας.
890 1231 1022 1293 syllabam
1034 1232 1102 1281 sulm
1115 1245 1156 1282 urst
1173 1234 1260 1285 initia·

155 1299 298 1362 inscripsit.
331 1301 367 1349 Et
388 1308 419 1350 ut
447 1302 608 1364 probationis
636 1310 691 1352 tota
727 1304 777 1353 letn
790 1305 1001 1368 vocabuli,cnjus
1011 1306 1109 1370 reliqua
1121 1307 1261 1360 obliterata

155 1376 236 1424 semel
248 1375 405 1437 ambiguitas
418 1377 535 1437 tollatur,
551 1377 576 1425 in
589 1378 690 1441 Episto·
726 1375 787 1432 s‘unt
804 1384 829 1431 iu
847 1399 920 1444 saxu,
936 1399 994 1433 cnm
1018 1386 1138 1449 sequenti
1156 1387 1260 1453 integra

155 1448 227 1499 18ῑᾶ
241 1450 377 1498 Paulinum
389 1449 457 1498 idem
468 1464 573 1512 prorsus
584 1450 690 1501 dehte·
727 1464 755 1506 et
768 1458 931 1520 significante
950 1460 1043 1508 sucula
1061 1460 1260 1523 impertinenter

154 1530 209 1579 late
220 1528 364 1588 invenient,
381 1527 424 1591 qui
439 1527 615 1590 diligentiores
632 1542 689 1576 cur·
727 1533 878 1592 connexuit,
894 1533 961 1583 unde
971 1534 1091 1584 chimera
1108 1536 1151 1585 illa
1163 1536 1260 1587 Massa·

154 1603 270 1667 rigundis
282 1603 412 1665 ejuslocis
428 1616 486 1650 esse
505 1602 603 1651 velint:
622 1602 689 1651 ‘Ut·
728 1620 827 1657 assuta
846 1609 935 1658 exivit.
970 1610 1041 1659 Ecce
1065 1617 1151 1660 autem
1175 1611 1259 1674 ipsum

154 1693 208 1741 que
238 1677 337 1740 duplex
368 1677 462 1726 Arelas
485 1677 587 1740 Alpinae
617 1684 688 1727 tecta
727 1698 853 1733 marmor:
873 1684 1258 1735 ...Vsn.tns...Avxts.ra·

156 1755 267 1805 Vieunse
291 1755 493 1818 Narbonemque
521 1755 577 1817 peri
605 1758 689 1819 spatio
727 1770 863 1807 ursatum.
880 1771 985 1808 emo.
1019 1758 1127 1808 Grauia
1221 1773 1258 1810 ua

153 1828 350 1880 sibiconserit.’
382 1829 419 1879 Ut
431 1831 530 1893 nequis
549 1845 599 1879 nnn
619 1840 689 1895 post·
726 1831 865 1881 Aurenses.
882 1844 925 1882 asa
1025 1845 1169 1882 astuterunt.
1190 1847 1257 1883 rous

154 1906 204 1956 hac
221 1903 375 1955 reformidet
391 1905 492 1954 authori
512 1919 613 1956 manum
633 1907 689 1971 iuji·
725 1907 754 1957 S.
853 1909 891 1956 M.
908 1908 939 1956 P.
959 1908 983 1958 1.
1016 1908 1098 1971 Cujus
1119 1908 1258 1968 sens'ns,si

155 1995 225 2031 csse.
259 1978 445 2030 Pensitaudum
458 1994 520 2029 sero
531 1982 646 2030 nonnihil
660 1990 689 2033 et
725 1982 897 2044 suppleantur
916 1983 1027 2042 lacunae,
1042 1983 1081 2033 uti
1100 1984 1257 2047 supplendas

153 2055 231 2117 illud,
254 2057 323 2120 quod
340 2070 424 2119 nuper
446 2056 471 2104 in
495 2064 568 2118 parte
591 2057 689 2108 ecdicio
725 2069 782 2105 esse
795 2070 890 2116 remur,
907 2056 966 2104 talis
978 2064 1034 2106 est:
1051 2070 1097 2106 xv.
1115 2057 1257 2108 Consulatu

155 2147 208 2182 non
219 2133 387 2195 aspernenda
402 2132 539 2182 vetustatis
558 2133 613 2182 hec
630 2135 688 2198 ipsa
725 2131 893 2191 Turonossr,
906 2133 948 2194 qui
959 2145 1016 2179 curn
1029 2146 1053 2180 a.
1065 2131 1126 2179 Chr.
1136 2135 1196 2181 ltu.
1211 2147 1257 2182 co·

155 2208 689 2271 italegimus:PosdsdsplerArelststsos
725 2206 824 2267 incidit,
845 2208 901 2256 Vru
924 2207 1064 2257 lanvsrnts
1086 2208 1257 2263 Avxrsmnsr

153 2283 242 2333 blsads
268 2283 361 2346 hospita
380 2289 470 2346 portas,
491 2283 587 2334 Gallula
613 2286 689 2337 Rosia
723 2278 882 2344 (prenomen
894 2283 972 2344 enim,
989 2282 1057 2346 qnod
1069 2282 1195 2334 detritum
1207 2293 1257 2350 est,

154 2359 251 2409 Arelas.
280 2360 358 2414 stss
372 2358 451 2408 Narbo
463 2359 688 2422 Mortiss‚etqsma
724 2354 840 2404 disinore
856 2355 1071 2421 nondum'potui)
1086 2357 1255 2418 Profiteor.

153 2437 249 2486 decdo
259 2435 355 2498 Alpinis
365 2436 473 2498 opulenta
485 2434 576 2483 Vissaa
592 2436 689 2487 moab.
726 2429 862 2480 Galliarum
877 2445 915 2480 ne
934 2432 1068 2482 Aeneas-ss
1086 2445 1256 2487 naurmssars

155 2510 257 2561 Quibus
276 2510 358 2559 omnis
374 2509 464 2571 series,
482 2515 575 2557 nutans
592 2509 688 2575 aliuqtll
724 2521 793 2569 uque
804 2521 934 2557 ulutatus
943 2508 1000 2571 poss'
1008 2522 1058 2557 asa
1071 2511 1172 2572 mensis
1187 2525 1256 2560 curs·

154 2593 183 2634 et
195 2584 357 2647 snbsgmstis
372 2591 458 2644 auten,
474 2583 575 2645 regitur
589 2598 620 2632 su
641 2585 687 2632 mi·
724 2583 769 2630 uit.
802 2584 832 2632 c.
845 2584 979 2632 Gracchus
995 2584 1048 2633 lota
1068 2585 1125 2649 lege
1136 2586 1254 2648 Sempro·

154 2660 244 2709 tescit.
276 2659 447 2721 Proximeque
465 2657 568 2706 accedit
585 2657 686 2706 Claudii
725 2657 768 2704 nia
793 2659 825 2705 de
852 2659 899 2705 viis
921 2658 1077 2720 sternendis,
1101 2659 1256 2723 muniendis,

154 2734 248 2784 Rutilii
276 2734 415 2794 emulatio,
444 2732 542 2780 Urbem
579 2732 686 2780 Romam
725 2731 871 2781 reficiendis
891 2733 1049 2791 instituerat,
1071 2740 1101 2781 ut
1126 2733 1254 2796 lapidibus

154 2808 328 2872 alloquentis:
344 2806 453 2855 ‘Pande
473 2820 566 2868 precor
584 2807 687 2868 gemino
725 2815 795 2855 certa
804 2821 920 2856 mensura
930 2807 1017 2869 positis
1025 2808 1256 2858 nutarenturmilia

154 2884 288 2945 placatusn
301 2882 407 2930 Castore
420 2888 532 2945 portum,
548 2882 687 2945 Temperet
724 2896 854 2944 passuum,
875 2890 902 2930 et
924 2882 998 2944 signa
1019 2881 1163 2942 spaciosum
1185 2886 1255 2932 colu·

155 2956 369 3021 equoreemdux
380 2956 512 3019 Cytherea
529 2956 613 3005 siam!
646 2957 687 3007 lta
724 2958 816 3017 mellis,
834 2956 1254 3020 qsraesingulismiliariisstatue-

153 3033 224 3080 enirn
253 3045 286 3079 ex
313 3039 418 3080 uetusto
452 3030 541 3080 codice
570 3032 686 3094 legimus.
723 3031 827 3092 bantur,
838 3030 1024 3079 inciderentur.
1053 3030 1254 3081 Eireicuratut·

154 3107 266 3157 Portum
288 3115 375 3156 autern
398 3106 545 3156 Ostiensem
566 3106 687 3170 intelligi·
723 3107 832 3166 viarum,
854 3107 928 3168 eujus
950 3105 1047 3154 mentio
1069 3106 1138 3167 apud
1156 3105 1252 3156 Grute·

153 3197 222 3244 mus,
241 3182 315 3244 cujus
333 3182 451 3231 immunia
472 3181 583 3244 vestigia
603 3179 685 3232 adhuc
724 3195 797 3230 rum:
816 3189 869 3230 tum
881 3180 1039 3244 quatuorsiri
1052 3179 1149 3230 siarum
1160 3196 1252 3232 curan·

153 3258 286 3307 sidentur.
302 3258 438 3306 Accurrius.
723 3254 813 3304 darum
832 3255 880 3304 sub
900 3255 986 3319 lmpp.
1009 3262 1036 3304 et
1058 3254 1084 3303 in
1106 3257 1253 3320 municipiis

186 3331 284 3394 Areus]
299 3331 450 3381 Theudorici
462 3331 529 3396 rogis
540 3330 624 3381 ltaliae
644 3333 686 3382 lit·
724 3330 813 3380 ediles
824 3332 907 3380 creati
919 3338 987 3379 suut.
1020 3330 1076 3392 lpsi
1095 3331 1181 3394 lmpp.
1198 3347 1252 3380 ma·

153 3413 220 3456 terte
244 3415 306 3456 snut
329 3405 399 3471 apud
416 3407 597 3457 cassiodorum
620 3407 686 3458 libro
723 3407 856 3469 gistratus,
871 3414 900 3456 et
912 3405 958 3454 siri
969 3406 1084 3454 illustres
1097 3405 1142 3454 siis
1154 3407 1252 3456 cversis

153 3482 246 3542 tertio,
260 3480 293 3528 de
312 3482 476 3544 reparatione
504 3494 633 3530 murorum
658 3490 687 3532 et
722 3489 751 3530 et
773 3483 900 3546 corruptis
922 3480 1102 3541 resarciendis,
1119 3479 1252 3530 dimetien-

153 3557 263 3605 torrium
276 3564 436 3605 vetustarum
446 3556 522 3619 hujus
532 3555 613 3605 urbis.
630 3556 686 3605 Cre·
723 3554 771 3619 dis,
787 3563 812 3605 et
824 3554 954 3620 signandis
965 3569 1013 3617 per
1024 3554 1170 3617 provincias
1182 3555 1253 3605 iucu-

152 3645 196 3680 sar
228 3631 254 3678 in
278 3630 473 3680 Commentariis
499 3630 561 3680 belli
585 3630 685 3693 ctvttts,
723 3631 844 3681 buerunt.
885 3631 959 3679 Idem
987 3631 1100 3680 studium
1125 3629 1252 3682 Praesectl

152 3704 314 3767 Ammianus,
335 3714 362 3756 et
381 3707 425 3754 alii
441 3707 579 3768 Historici,
594 3706 686 3756 Arela-
722 3706 832 3756 Praetur.
852 3706 992 3756 Galliarum
1011 3705 1071 3768 fult,
1084 3707 1251 3757 commodita-

153 3788 208 3830 tem
232 3782 413 3831 celebrarnnt:
442 3796 518 3846 quam
540 3788 568 3831 et
590 3797 606 3830 a
627 3797 685 3845 pro·
722 3783 792 3832 tibus
805 3781 1005 3831 Prouincialium
1016 3781 1125 3830 miliaria
1143 3780 1251 3829 abAre·

153 3857 219 3920 priis
239 3858 337 3906 colonis
359 3857 490 3907 conditam
515 3872 573 3907 esse
593 3858 685 3909 scribit
721 3858 866 3921 latensque
879 3856 910 3905 ad
923 3854 1091 3917 Maritimam,
1104 3869 1161 3917 qun
1180 3854 1249 3901 colo·

153 3931 280 3981 Isidorus.
312 3932 384 3982 Aries
396 3931 465 3981 Galli
475 3933 552 3982 bodie
570 3935 684 3996 appella·
721 3931 764 3978 nia
774 3929 825 3979 suit
836 3937 862 3978 et
872 3930 933 3978 urhs
941 3929 1119 3989 Auaticorum,
1136 3926 1250 3976 Ptolem.

152 4021 211 4055 snus
223 4007 317 4070 plurali
326 4021 397 4056 soce.
417 4006 524 4058 Vinctus.
720 4006 766 4055 lib.
785 4020 816 4055 ιι.
838 4013 930 4068 stagno
953 4019 999 4053 sen
1020 4002 1094 4052 suasis
1115 4000 1250 4060 Marianis,

186 4088 199 4132 l
219 4083 311 4145 Pande,
320 4084 407 4146 ἀκρίσι
414 4083 525 4146 Arelate]
540 4082 684 4145 Arelatem,
720 4095 799 4144 opera
812 4079 842 4129 C.
854 4080 932 4128 Marii
944 4078 1012 4127 bello
1026 4091 1083 4126 cum
1095 4072 1203 4124 Cimbris
1221 4080 1250 4126 et

152 4160 323 4212 &manorum
335 4159 404 4224 olim,
419 4159 495 4210 bodie
506 4158 601 4210 Gallius
616 4157 683 4208 Nar·
720 4154 879 4208 'teutonibus
891 4169 906 4204 e
916 4152 1040 4204 Rhodano
1048 4147 1142 4209 ductis,
1150 4148 1249 4203 erman
