2804 4764
485 318 641 370 susouu
665 320 931 371 onorassouas
968 347 970 351 -
1188 309 1253 377 963

161 459 230 511 lsdir
251 461 278 510 ln
299 461 388 523 armis,
406 460 610 525 compositisque
630 475 690 510 sues
764 461 870 510 Vidimus
887 466 911 509 et
928 461 1043 522 quondm
1058 459 1157 525 redula]
1168 463 1251 512 loter-

160 537 368 586 excreantibus
379 537 465 586 ertes!
496 536 548 585 Ubi
566 537 688 598 ‘compo
728 549 844 585 essenon
859 534 1013 585 crediderim
1028 537 1251 589 interturricolsm

160 610 217 660 sitm
230 610 372 676 illutque
384 612 481 661 Nostro
498 609 602 661 ‘fictae'
624 611 687 660 Soe-
728 608 1102 674 erfritillum‚qolbusversrss
1111 612 1251 663 utebantur

162 686 249 734 terrim
269 686 303 737 de
325 688 404 736 claris
432 687 537 735 Rhetor.
562 685 688 735 ‘Veteres
728 684 755 734 in
774 686 886 746 tesseris,
905 685 1058 749 lusoriisqoe
1080 686 1184 748 tabulis,
1202 701 1251 737 nee

161 762 345 811 conmoversiae
357 767 402 811 snt
415 776 447 810 es
465 759 587 811 Historiis
605 760 689 810 tralle-
727 761 809 808 nostri
829 759 995 809 Gmmmstici
1015 760 1083 808 inter
1101 761 1149 809 ists
1161 761 1252 810 distin·

162 835 266 899 bantur,
287 839 356 888 sicut
375 851 438 887 sane
459 837 588 886 nonnullae
606 850 688 900 nsque
726 846 817 899 gaunt,
840 850 922 901 neque
949 836 1140 887 internoscendi
1171 840 1250 888 ullam

162 909 260 960 adhoc:
279 919 325 960 snt
336 927 368 960 ex
383 911 492 960 veritate
512 924 543 959 se
561 923 599 971 re,
615 909 688 974 siqua
726 909 838 961 afferunt
849 919 942 960 noum.
975 911 1039 960 Mihi
1051 919 1137 961 sutem
1148 912 1250 961 videtur

160 983 228 1034 forte
246 999 337 1034 recens
359 985 498 1035 accidisset
508 984 524 1044 3'
549 991 578 1033 et
605 997 685 1033 mor:
725 984 975 1048 fritillos,vascolum
985 985 1096 1035 buxeum
1107 987 1210 1050 longum
1222 994 1250 1036 et

160 1060 250 1109 ‘Olim
260 1060 593 1124 autemeassppellstiones
601 1058 688 1110 esaei
725 1060 1248 1127 teresfuisse,equomittercntnrtesserae

158 1133 279 1196 murm
294 1136 438 1195 vocabant;
455 1150 513 1184 mox
535 1135 686 1184 Controver·
724 1138 765 1186 vel
777 1128 823 1186 tall
834 1138 860 1187 in
871 1137 992 1186 tabulam.
1024 1135 1102 1185 Idex
1118 1151 1150 1185 eo
1169 1151 1247 1201 appe-

160 1211 337 1274 simonidem,
351 1209 398 1258 sed
415 1217 460 1258 sut
472 1208 548 1258 fictas
564 1208 686 1270 sutjudi·
723 1220 773 1276 rst,
782 1213 1250 1279 quodspudSenecsrneondemnstnr

158 1286 258 1336 clades!
291 1287 427 1352 Adesntur
436 1300 512 1349 porro
523 1285 686 1334 Commenta·
723 1289 846 1338 Claudius
873 1290 950 1337 ‘elsa
969 1289 1057 1337 indere
1078 1295 1180 1352 pertuso
1201 1287 1246 1338 frl·

158 1369 228 1411 tores
240 1362 273 1410 sd
284 1362 442 1410 Petronium.
723 1363 806 1412 tillo?
828 1362 1054 1413 Siceuimt‘rustra
1064 1366 1130 1413 talos
1142 1364 1248 1428 collige·

189 1441 220 1485 l'l
250 1434 363 1498 rma]
398 1433 474 1485 Acris
495 1439 524 1483 el
541 1433 688 1496 vehemens,
723 1439 778 1501 bat,
794 1454 852 1488 com
871 1453 974 1502 semper
990 1439 1115 1489 cederent
1126 1440 1195 1489 nullo
1207 1453 1245 1487 re-

157 1522 187 1564 nt
202 1517 364 1564 ‘sermonem
376 1509 540 1576 promptom‚'
555 1517 583 1560 et
598 1511 606 1537 ⁸
619 1511 685 1560 lsaeo
723 1514 790 1563 tentl
801 1512 890 1563 londo.
924 1513 1012 1563 Verba
1026 1522 1085 1564 sunt
1094 1515 1200 1564 Seneca
1212 1515 1245 1564 de

158 1588 358 1640 torrentiorem'
384 1589 453 1638 dixit
470 1587 603 1638 luvenalis
618 1587 685 1637 libro
722 1596 805 1638 morte
824 1589 942 1639 Claudii:
965 1590 1043 1637 ‘Tum
1065 1589 1158 1638 AEaens
1169 1589 1247 1651 jubet

160 1669 256 1732 primo.
272 1668 365 1717 cicero
376 1666 441 1715 libro
451 1664 564 1713 secundo
572 1663 605 1712 de
615 1664 685 1713 Fini·
721 1677 779 1712 eum
791 1664 848 1713 ales
857 1663 947 1713 ludere
965 1670 1070 1728 pertuso
1090 1662 1199 1713 fritillo:
1218 1672 1246 1713 et

156 1744 221 1793 bas:
239 1744 346 1794 ‘Quom
362 1741 430 1789 enim
446 1738 530 1788 sertor
548 1740 619 1802 qussi
631 1746 684 1789 tor·
716 1739 770 1803 jem
782 1750 897 1804 ceperat
913 1741 1043 1803 fugientes
1054 1750 1165 1791 tesseras
1175 1755 1244 1804 quse·

155 1834 214 1869 rens
225 1820 321 1878 oratio,
330 1816 445 1883 quemvis
460 1815 541 1863 multa
559 1814 683 1879 cujusquo
720 1828 778 1864 rere
789 1824 815 1865 et
827 1817 888 1865 nihil
901 1816 1042 1878 prolicere:
1060 1813 1127 1863 Nam
1144 1815 1245 1879 quoties

156 1888 683 1956 snodinpiat,nilriltsmenteness.nihil
720 1890 841 1939 missuros
876 1898 943 1952 erat,
975 1897 1112 1939 resonante
1147 1888 1245 1948 fritillo.

156 1965 346 2031 apprehendas,
382 1975 508 2024 nusquam
540 1962 683 2010 orationem
721 1966 838 2027 Utrsque
864 1965 993 2013 subducto
1012 1963 1127 2026 fugiebat
1149 1971 1246 2011 tessera

156 2040 274 2104 rapidam
286 2035 424 2089 eo'e'rreas.’
437 2035 542 2085 Tmolus·
559 2035 683 2100 Vidqoe
720 2037 818 2087 londo!
837 2038 909 2088 idem
919 2046 1050 2103 etnyrgus
1060 2037 1246 2087 siuetnrriruls

155 2115 252 2164 Horat
263 2115 296 2163 de
308 2112 412 2163 Lucilio·
720 2119 785 2174 eret,
803 2119 831 2162 ut
849 2128 864 2161 e
877 2114 996 2163 Martiale
1013 2119 1115 2163 constet
1132 2112 1177 2162 lib.
1188 2127 1246 2164 xrv.

188 2194 222 2239 1⁹
236 2190 307 2245 Quod
321 2194 359 2237 ter
371 2186 485 2249 minem]
501 2185 593 2236 Cicero
605 2186 683 2235 tertio
721 2187 810 2251 Epigr.
821 2201 879 2237 ιιι.
895 2189 1017 2240 ‘Oderit
1026 2189 1182 2251 compositos
1193 2204 1246 2238 ms·

154 2267 189 2316 de
206 2268 331 2327 Oratore,
346 2271 373 2313 et
392 2265 418 2312 in
437 2265 528 2324 Bruto,
540 2277 570 2312 sc
587 2264 683 2314 Quino-
720 2263 892 2326 nnslmprobs
909 2265 1014 2314 mittere
1035 2265 1110 2314 talos.
1142 2264 1170 2313 sl
1185 2279 1244 2328 spes

154 2342 262 2390 tilisons
269 2340 337 2389 libro
345 2339 481 2389 undecimo
499 2338 614 2388 scribunt
627 2340 682 2388 De·
719 2350 761 2384 me
771 2339 847 2402 misit,
862 2338 899 2387 nil
913 2339 961 2388 nisi
979 2345 1040 2388 vota
1059 2338 1142 2388 fecit?
1175 2339 1243 2388 Nam

154 2414 315 2463 mosthenem
335 2413 530 2475 interrogatum,
551 2411 612 2474 quid
631 2412 682 2474 prl-
719 2412 847 2461 vasculum
877 2413 940 2463 illud
969 2413 1106 2478 oblongum
1128 2419 1157 2463 et
1178 2419 1245 2464 teres

152 2503 224 2537 snorn
246 2494 317 2536 esset
339 2487 365 2535 in
386 2492 442 2536 toto
461 2484 567 2536 dicendi
593 2500 682 2548 opere,
719 2486 856 2550 imaginem
868 2498 897 2540 et
914 2489 1024 2555 effigiem
1041 2491 1157 2540 rotunde
1168 2491 1243 2540 torri·

152 2559 331 2611 ‘Actionem'
348 2560 519 2623 respondisse.
552 2561 620 2611 Quid
643 2574 681 2608 se·
719 2564 783 2613 cola
799 2565 941 2627 praebebat.
974 2568 1015 2616 Ne
1034 2568 1113 2630 igitur
1127 2568 1244 2630 improba

152 2637 285 2686 modun?
298 2635 463 2685 ‘Actionem'
483 2635 551 2686 Quid
561 2636 682 2685 tertium?
719 2636 854 2703 fallacique
874 2656 949 2690 manu
968 2642 1038 2691 bolos
1062 2657 1124 2706 qnos
1147 2642 1243 2691 vellent

153 2711 326 2761 ‘Actionem'
342 2712 457 2761 eandem.
479 2711 586 2760 Visetur.
718 2715 843 2764 aleatores
861 2718 974 2765 veterani
980 2717 1119 2778 jactarent,
1131 2715 1243 2778 aliosque

184 2794 218 2839 ²2
229 2787 587 2850 Memoriosomfuerisosimo]
598 2787 681 2837 Quem
718 2789 846 2851 fallerent,
854 2794 1027 2855 excogitatum
1037 2792 1122 2842 fuerat
1132 2792 1164 2841 sd
1173 2790 1242 2840 fren-

152 2866 295 2915 excellenti
304 2863 517 2913 memorialueris.
533 2862 680 2913 Notandum
718 2864 936 2927 demoliendam,
953 2873 981 2914 ut
998 2881 1045 2929 per
1064 2881 1172 2931 pyrgum
1183 2868 1242 2916 mit·

153 2948 242 2988 sutem
258 2938 375 3000 ‘suerin'
389 2939 579 3002 ultimslonga:
597 2941 681 3002 qualia
719 2945 835 2987 terentur
858 2942 923 2990 tali:
946 2942 1015 2989 intus
1037 2948 1122 2990 autem
1145 2956 1242 3006 pyrgus

152 3013 325 3061 observarunt
335 3013 458 3060 nonnulla
467 3013 535 3076 apud
547 3014 610 3061 alios
622 3013 681 3075 pod-
717 3022 855 3064 excavatus
867 3023 922 3065 erat
932 3015 1066 3078 gradatim,
1082 3017 1243 3078 exsculptus-

151 3095 194 3136 tas
205 3087 383 3136 Grammatici.
400 3087 473 3136 leem.
716 3106 776 3154 que,
797 3097 826 3138 ut
845 3091 935 3151 agitati
952 3090 1121 3153 concussione
1146 3091 1200 3152 tali,
1215 3092 1242 3141 in

185 3165 220 3209 2³
236 3161 329 3209 Audite
347 3167 382 3223 ul,
399 3164 436 3210 ecl
453 3161 525 3224 lecto]
551 3165 590 3212 Es
609 3162 680 3212 inisti
717 3165 839 3229 graduum
850 3164 1008 3214 offendentes
1017 3165 1162 3229 supercilia,
1172 3166 1243 3212 volu·

152 3237 417 3298 memoris‚ntetiam
438 3240 516 3289 semel
535 3240 622 3288 audils
639 3240 679 3288 vel
718 3248 844 3300 torculur,
869 3241 1041 3303 incertiorque
1058 3241 1144 3302 jactus
1163 3246 1245 3289 esset.

152 3316 234 3373 lecta,
260 3312 380 3362 sscilline
396 3316 551 3378 perciperes,
567 3317 681 3367 contine·
719 3317 796 3365 Bolos
807 3331 885 3378 porro
897 3317 921 3364 in
939 3330 971 3364 eo
993 3315 1053 3364 ludo
1073 3317 1114 3364 ιιΙ
1136 3315 1241 3374 debant,

151 3403 258 3452 resqnc.
291 3388 342 3437 sed
362 3388 420 3437 ride
439 3390 616 3439 memoriarum
635 3390 681 3439 mi·
719 3393 759 3439 vel
771 3392 943 3441 reducebant:
963 3393 1031 3441 unde
1042 3400 1068 3441 et
1078 3392 1151 3441 hodie
1163 3398 1240 3440 tesse-

152 3465 244 3513 racnla
275 3464 356 3512 molrs
385 3464 453 3527 apud
481 3466 681 3516 Quinctilianusn
719 3468 897 3529 rarnmludns,
914 3466 1241 3516 ‘datorumiudus’vocsri

152 3541 222 3589 libro
244 3538 390 3603 undecimo,
411 3539 536 3600 solinum,
559 3541 680 3600 Plinium,
718 3543 798 3590 solet:
816 3542 884 3605 quod
896 3542 962 3590 idem
975 3543 1000 3590 in
1012 3541 1147 3590 duodecim
1159 3541 1241 3604 scrip·

151 3616 279 3664 Senecam
298 3615 324 3662 in
342 3614 471 3663 Prooemio
492 3615 681 3664 controversia·
719 3624 802 3665 torum
823 3616 891 3677 ludo,
918 3617 958 3664 ιιΙ
978 3617 1133 3665 calculorum
1155 3615 1241 3664 debut·

153 3703 221 3750 rnnr,
231 3698 259 3737 et
269 3688 428 3737 Ciceronem.
447 3689 521 3738 Idem.
718 3692 811 3740 Cicero
833 3693 859 3740 in
882 3692 1037 3740 Hortensio:
1058 3692 1170 3753 ‘ltaque
1193 3691 1241 3739 tibi

185 3769 217 3813 25
247 3763 354 3811 Vidurrsrs
376 3769 400 3812 et
420 3763 546 3827 quondam]
573 3764 680 3813 Diceres
718 3767 867 3827 concedam,
880 3766 947 3829 quod
958 3766 1041 3814 inxu.
1054 3767 1156 3830 scriptis
1176 3767 1241 3814 sole·

152 3839 295 3887 Ausonium
306 3838 355 3887 hoo
365 3838 517 3887 confinxisse
530 3840 617 3887 deson
630 3840 679 3888 Mi·
717 3857 782 3902 mus,
799 3851 827 3889 ut
837 3843 962 3890 calculum
974 3842 1091 3898 reducas,
1112 3842 1134 3889 si
1150 3848 1176 3891 te
1196 3841 1241 3887 ali·

153 3915 252 3975 nereio,
264 3928 297 3963 ex
309 3928 351 3973 eo,
360 3913 428 3978 quod
441 3913 472 3961 de
483 3913 577 3963 Publio
592 3915 680 3963 Mucio
717 3918 788 3978 cujus
801 3916 854 3963 dati
866 3915 990 3978 poenitetss
1021 3916 1071 3966 Qui
1080 3915 1146 3964 enirn
1156 3914 1239 3961 colcu-

151 3989 267 4039 smol·
276 3988 462 4052 jurisconsulto
473 3988 553 4037 refert
561 3989 680 4038 Quincti·
716 3991 766 4037 lum
779 3991 868 4050 movit,
890 3998 917 4039 et
936 3991 961 4037 in
973 3991 1058 4053 aliqua
1068 3989 1129 4037 sede
1141 3988 1239 4034 linesva

151 4064 234 4113 lisnns
257 4064 326 4113 libro
346 4062 491 4125 undecimo,
507 4062 541 4112 de
558 4063 680 4112 memoria
716 4066 861 4125 collocarit,
872 4064 959 4112 dedit:
978 4065 1021 4127 quii
1033 4065 1054 4111 si
1065 4077 1094 4111 se
1108 4062 1174 4109 male
1188 4062 1240 4110 ool·

151 4153 237 4202 egens.
254 4141 331 4190 Idem.
716 4142 813 4190 locasse
821 4147 904 4203 putat,
912 4136 1151 4187 reducitcslculum.
1166 4135 1239 4190 lura.
