2804 4764
495 360 648 408 ausurum
676 360 885 411 uursuouas.
1156 347 1240 413 1269

152 500 340 547 0rvarravrar.
373 498 402 547 Ρ.
428 497 528 547 lium.
560 499 590 548 c.
619 498 679 548 lvaa
718 501 780 550 tium
792 502 914 565 pondere.
948 504 1102 566 cenapium
1113 513 1154 552 eat
1170 506 1241 567 apud

155 574 452 623 (remunerarem.
479 586 679 622 mutuemur
717 576 819 625 Fcatum
837 592 923 627 eurum
941 579 1100 639 vocabulum,
1111 579 1154 643 qui
1165 580 1241 628 velac-

152 648 501 698 ruuu.Sacaunoa.liuu
510 648 679 698 auduom.
717 660 775 700 rent
793 653 876 713 redas,
901 654 929 702 id
949 661 997 712 eat,
1021 654 1166 703 ducerent:
1194 654 1240 702 aed

150 735 403 774 ...amimam
412 736 679 773 eenamcournvart·
716 729 820 787 auredus,
837 735 866 776 ut
886 728 1010 790 arbitror,
1023 729 1059 778 ibi
1076 728 1177 791 legerat
1187 730 1239 778 ltu-

152 814 222 849 uana.
240 812 410 848 rueret-rus.
426 800 603 849 Frentrani).
618 800 681 849 Pus·
716 800 795 848 deus.
828 801 944 849 laidurua
967 802 1053 865 capite
1076 803 1158 865 primu
1177 803 1239 855 dae

153 885 247 937 tremo,
255 876 610 941 quaSautunivAngeriaeum
619 878 680 938 itur,
716 873 809 923 decimi
830 876 1063 939 etymologiarum:
1100 879 1240 928 ‘Veredua

154 954 276 1001 visuntur
288 967 338 1000 non
346 967 433 1015 parvm
442 954 611 1017 aqueductua
621 954 680 1002 rell·
717 949 824 1012 Antiqui
836 950 966 1010 dixerunt,
976 951 1045 1015 quud
1063 951 1187 1003 veherent
1197 968 1237 1004 ue·

152 1030 243 1093 qaiae:
271 1043 322 1091 quo
347 1028 475 1092 quondam
500 1029 527 1078 in
552 1030 679 1079 Santonos
716 1023 770 1086 du,
789 1026 815 1073 id
834 1031 883 1086 eti,
894 1025 1035 1076 ducerem:
1053 1027 1239 1092 velqilollvlu

153 1119 221 1168 aqua
244 1103 440 1167 perducebatur.
475 1105 534 1155 Hoc
551 1121 612 1169 ergo
629 1117 680 1166 eat,
717 1100 832 1163 publicae
843 1110 965 1152 currant:
982 1117 1029 1167 per
1046 1116 1109 1166 quaa
1124 1104 1237 1154 etredaa

153 1180 224 1246 qaod
252 1195 366 1242 agnosco
388 1180 528 1230 Santonum
553 1182 679 1232 Mediola-
715 1176 754 1224 ire
772 1177 874 1225 solitum
893 1176 968 1226 erat!
1002 1177 1123 1227 Aurelius
1140 1179 1241 1229 curto·

154 1272 224 1306 nuru.
258 1256 337 1318 Cujus
355 1270 444 1317 agrum
463 1258 484 1306 ai
496 1257 632 1321 aliquando
642 1259 679 1305 ia·
716 1251 792 1300 duma
804 1252 871 1302 libro
888 1261 971 1314 sextu,
982 1253 1009 1302 ia
1024 1251 1136 1303 formula
1144 1254 1242 1318 Magia-

153 1333 285 1397 apexiaact
306 1331 468 1394 geographus
499 1332 605 1393 Strabo,
631 1347 679 1396 pro
717 1328 777 1377 terii
794 1327 945 1388 dignitatis:
962 1328 1143 1378 ‘veredorum
1151 1330 1241 1394 quine·

153 1421 263 1457 arenoso
278 1413 305 1455 et
322 1406 414 1467 sterili,
431 1405 680 1470 prepiuguem,t'm·
716 1403 778 1452 tiam
795 1412 965 1466 opportunam
987 1404 1158 1465 uelocitatem,
1178 1418 1241 1469 quo·

154 1497 266 1548 qumque
287 1482 398 1531 amatum
416 1480 600 1531 feraciagimum
623 1483 678 1532 dix.
716 1485 975 1542 mmatatuaaempcr
992 1480 1019 1528 in
1032 1479 1241 1540 unraneat,'&c.

154 1561 232 1609 iaaet:
251 1564 279 1606 ut
288 1557 320 1606 de
333 1557 377 1604 illu
390 1557 527 1606 Helvetios
540 1567 600 1607 nate
611 1558 679 1606 Stra·
715 1553 774 1603 lta‘
785 1554 889 1604 veredi'
900 1557 925 1604 in
945 1555 1023 1604 titulo
1033 1555 1241 1620 quiuquagesimo

154 1635 247 1684 bouem
259 1634 370 1681 reuolsae
379 1633 494 1682 meminit
511 1633 599 1683 Cesar
610 1648 679 1682 com·
716 1630 798 1693 primu
815 1629 968 1691 duodecimi,
975 1629 1079 1679 eudicti
1089 1629 1241 1692 Juatiuiani,

154 1709 340 1758 atentnriurum
358 1707 514 1757 Gallicorum
526 1709 617 1772 primo.
638 1708 678 1756 Va·
716 1705 906 1768 dicuuturequi
917 1704 1019 1767 publicu
1031 1705 1117 1753 curaui
1133 1703 1241 1768 depute-

156 1789 235 1831 mas.
717 1780 746 1829 ti.
780 1780 855 1829 Uudc
876 1778 1041 1829 ‘veredarii'
1058 1780 1125 1842 apud
1144 1780 1241 1831 lulium

189 1857 358 1920 sperantia]
386 1859 426 1907 De
448 1872 479 1907 ca
502 1871 564 1906 voce
585 1857 679 1906 adeun-
717 1857 852 1906 Firmicum
864 1863 891 1904 ct
911 1854 1091 1904 Caaaiudumm
1108 1856 1243 1918 appellati,

157 1935 206 1984 dua
217 1935 317 1983 Gellius
328 1934 372 1983 lib.
385 1947 430 1982 xv.
441 1947 498 1996 cap.
511 1946 578 1981 xxx.
717 1949 845 1991 curaorca,
857 1933 900 1997 qui
919 1932 991 1996 equia
1003 1931 1102 1981 veredi·
1119 1932 1241 1981 veteren-

187 2009 269 2059 6i'ei
287 2009 345 2056 riaio
359 2010 456 2071 trijugi]
473 2009 569 2057 Cinium
582 2008 680 2057 Nouius
717 2017 768 2061 tur.
802 2011 882 2059 Putat
899 2010 1010 2059 Budaeua
1032 2010 1154 2057 ‘curuum
1172 2009 1241 2058 veiri-

155 2086 308 2145 Marcellus,
319 2100 399 2147 genua
410 2100 466 2134 esae
484 2085 590 2133 vehiculi
602 2084 680 2133 biruti
717 2085 845 2135 cnlarem’
862 2084 951 2146 suinae,
969 2085 1012 2149 qui
1030 2083 1166 2147 ‘publicus
1182 2099 1242 2135 cur·

156 2163 257 2212 scribit.
301 2163 392 2210 Cicero
418 2176 465 2223 pru
484 2161 565 2208 Sexto
586 2160 680 2208 linceio
718 2163 768 2211 aua’
779 2162 873 2212 dicitur
884 2162 911 2211 iu
921 2161 1017 2210 Codice
1027 2161 1070 2209 illu
1085 2160 1241 2211 Jusrinimt:

155 2237 296 2288 Amerino:
314 2238 433 2286 ‘Decem
452 2236 520 2284 haria
542 2234 681 2293 nocturnis,
718 2239 865 2302 scribitque,
881 2236 949 2301 qaod
971 2235 1079 2300 Antiqui
1100 2250 1150 2286 nou
1169 2235 1242 2300 equia

154 2327 203 2362 sex
215 2320 243 2362 et
260 2312 445 2376 quinquaginta
463 2311 542 2358 millia
560 2324 680 2372 passuum
717 2315 824 2377 cingulis
845 2320 872 2362 et
889 2310 1029 2376 expeditio,
1045 2319 1075 2361 ut
1092 2310 1178 2373 laudie,
1194 2311 1241 2360 aed

155 2386 397 2450 cieiiapervolarit.'
431 2386 465 2434 Et
474 2384 541 2448 apud
553 2385 679 2434 Nonium:
719 2388 840 2438 vehiculis
859 2387 1008 2437 utebantur.
1049 2384 1188 2436 Suetonius
1207 2386 1242 2436 de
1340 2437 1344 2447 ,

153 2462 286 2511 ‘Delituit
297 2461 321 2509 in
331 2460 438 2525 quadam
450 2473 584 2522 caupona:
602 2467 680 2523 atque
717 2463 852 2527 Angusto:
868 2464 922 2512 ‘Et
943 2476 993 2526 qao
1011 2461 1121 2511 celerina
1141 2475 1171 2511 ac
1194 2462 1242 2512 aab

155 2539 193 2587 ilri
205 2554 233 2587 ae
244 2539 376 2586 occultam
388 2537 535 2599 perpotavit
547 2535 579 2583 ad
592 2549 680 2598 reape-
717 2553 819 2587 maaum
831 2538 979 2587 annunciari
998 2537 1171 2602 cognoscique
1183 2551 1243 2600 pua-

154 2611 681 2662 ram.ludceiaiuceleriteradurbcmad-
717 2621 767 2677 aet,
785 2615 846 2679 quid
864 2616 890 2662 iu
907 2614 1040 2676 pruvincia
1056 2627 1242 2677 quaqueqere·

157 2697 259 2749 vectus,
271 2688 373 2737 domum
385 2687 481 2735 venllt’
494 2686 534 2735 lta
546 2688 578 2736 ati
591 2686 681 2736 eeleri-
717 2698 798 2751 retur,
809 2691 921 2753 juvenes
940 2691 1023 2752 primo
1040 2689 1146 2738 modicia
1162 2688 1241 2737 inter.

155 2770 238 2812 talem
253 2763 443 2811 cisiiaveterea
459 2763 496 2811 llll
508 2764 599 2810 sollio!
611 2762 680 2811 (lice-
718 2767 789 2815 vallia
807 2781 853 2828 per
873 2765 998 2813 militares
1015 2764 1078 2823 vina,
1094 2762 1154 2812 dein
1174 2762 1243 2810 vehi.

155 2852 208 2886 τα.
241 2836 377 2899 ‘Trijugt’
397 2844 494 2897 autem,
511 2836 579 2900 quod
600 2837 680 2885 tribua
717 2843 775 2891 cula
793 2839 937 2903 disparuit:
969 2838 1091 2887 ceterum
1113 2837 1244 2899 hocloco,

153 2912 254 2975 junctis
265 2912 337 2974 equis
350 2909 506 2959 trahebatur.
528 2911 633 2960 vinetus.
717 2925 745 2964 et
768 2916 792 2962 iu
818 2915 934 2976 Epistola
956 2925 1019 2961 nv.
1045 2911 1174 2959 Auauuiua
1195 2925 1242 2973 pru

189 2993 204 3036 i
222 2985 476 3047 Velceleremmuucar]
488 2985 595 3034 Scribe:
608 2985 680 3033 Maa-
717 3004 785 3053 equo
803 2989 858 3036 siue
872 2987 987 3036 vehiculu
1006 2985 1108 3033 videtur
1122 2985 1243 3047 accipere

154 3079 222 3124 m,
242 3063 309 3126 quud
329 3070 369 3109 eat
388 3061 447 3123 equi
467 3074 547 3123 genua
575 3060 681 3120 Ouidio,
716 3061 878 3121 ‘veredum’
897 3077 927 3111 ac
947 3060 1075 3110 Martialis
1093 3061 1191 3108 inxtv.
1209 3059 1243 3108 E·

157 3141 288 3200 Lucretio,
307 3139 427 3187 Horatio.
456 3139 491 3187 Et
513 3139 677 3187 ‘mannulur’
719 3140 887 3204 pigrammate
910 3137 969 3185 libri
990 3149 1041 3186 ιιι.
1065 3135 1098 3184 nd
1126 3136 1243 3187 pureum

156 3216 224 3265 dixit
233 3214 371 3273 Martialis,
387 3220 414 3261 et
426 3212 525 3260 Plinius
535 3214 560 3260 ia
572 3213 680 3277 quadam
719 3222 866 3263 venatorem
878 3230 885 3261 z
902 3215 909 3240 ⁸
920 3211 1027 3260 Parcius
1046 3211 1134 3272 ularii,
1144 3225 1247 3273 muneu,

155 3291 188 3339 ad
207 3290 365 3338 Clementem
385 3287 513 3350 Epistola:
538 3286 681 3338 ‘ilabebat
718 3287 1243 3351 rapieutcvercdo,Priaee=ueciulepu·

156 3381 223 3430 puer
239 3363 371 3412 mannulos
383 3363 475 3411 multus
486 3371 513 3410 et
527 3363 635 3425 junctus
653 3370 681 3411 et
718 3378 759 3412 rea
771 3370 824 3412 tam
841 3363 968 3411 violentus
987 3374 1040 3410 eae.
1074 3362 1150 3425 Saepe
1169 3362 1245 3411 antia·

155 3443 264 3501 uolutus,
275 3437 388 3487 habebat
398 3438 493 3487 cauca!
509 3440 605 3486 Accam.
718 3443 782 3491 fecit
793 3442 888 3505 praede
906 3447 1022 3496 venator,
1033 3445 1060 3487 et
1072 3440 1124 3488 acri
1136 3439 1244 3488 Decidit

193 3517 238 3566 Vel
253 3518 350 3564 celerem
368 3512 488 3574 marram]
505 3515 615 3563 Veteres
628 3514 681 3563 llo·
718 3532 840 3566 excussus
853 3530 899 3564 uec
912 3514 1042 3564 rediturum
1053 3513 1136 3578 equo!
1154 3513 1228 3563 iden.

156 3595 216 3643 ratii
228 3592 391 3653 interpreter,
399 3595 426 3637 et
434 3588 556 3651 laidorua,
564 3590 682 3639 scribunt
751 3597 782 3641 ld
799 3592 886 3640 mucra
904 3607 946 3640 aec
966 3587 1042 3651 nolu]
1062 3590 1183 3650 corrige:
1201 3589 1243 3638 Li-

155 3672 163 3697 ‘
177 3680 283 3717 manuos
294 3665 368 3713 'ease
382 3663 467 3711 dictos
476 3678 553 3728 equos
564 3665 682 3727 pusillus,
719 3669 821 3717 ieram
830 3668 894 3715 mdia
902 3673 936 3715 eat
945 3681 1010 3714 muru
1020 3665 1125 3714 deaidiae.
1148 3663 1181 3712 ld
1193 3673 1245 3725 eat,

153 3740 279 3792 ‘bardua’
292 3741 377 3801 vulgo,
387 3741 394 3765 ⁴
406 3738 578 3802 burricuaque'
592 3740 682 3801 appel·
719 3757 770 3792 nou
787 3744 849 3791 licet
867 3742 915 3791 tibi
928 3755 982 3790 ease
994 3740 1087 3801 decidi,
1098 3747 1143 3789 aut
1156 3740 1244 3789 tardo:

158 3820 242 3868 latua:
260 3815 304 3880 qui
316 3813 509 3862 ruauruetudiue
528 3814 683 3863 ‘manuum’
720 3817 789 3883 quod
806 3818 828 3865 ri
844 3818 911 3866 euim
930 3821 1068 3865 cunctatus
1078 3814 1168 3875 suerin,
1178 3813 1244 3863 irua-

157 3893 309 3944 l'aruiliariua
326 3896 472 3953 sequantur.
492 3889 620 3938 Ausonius
638 3904 681 3939 ue·
720 3902 762 3944 tra
781 3893 891 3951 veneria,
908 3890 1012 3953 mejam
1028 3890 1060 3938 ul)
1071 3890 1168 3937 luctam
1185 3887 1247 3936 Paa-

157 3965 682 4032 aeiuquamparvuaiiluruorit,quivelu-
720 3966 910 4018 clrntiuseatum
928 3966 1029 4014 domum
1047 3975 1159 4020 reverto.
1192 3962 1245 4012 Sed

157 4059 268 4097 oaaeaae
275 4042 360 4105 jubet.
381 4040 460 4089 Vinci.
719 4043 749 4091 el
763 4043 829 4092 audie
850 4040 954 4090 defendi
978 4042 1075 4099 puteat,
1094 4035 1131 4082 alc
1149 4041 1178 4084 ut
1199 4036 1245 4084 lru·

192 4123 299 4183 Raptam
318 4114 398 4176 tacu]
416 4114 515 4163 Labore
532 4129 562 4164 ne
573 4115 684 4165 inrideu·
720 4133 794 4168 mane
806 4117 880 4165 nimis
899 4129 926 4162 re
945 4125 1046 4176 quoque
1062 4109 1140 4172 culpa
1159 4109 1246 4162 videa.
