2804 4764
224 309 312 376 1106
568 317 677 366 vore
702 311 902 362 vartonusr
930 307 969 357 rn

173 487 176 492 ’
220 470 317 521 'urbem
328 472 403 515 vocat
415 463 549 513 Salvianus
559 462 578 511 1.
590 475 630 510 vr.
642 470 754 510 ωηο.
792 454 828 504 de
844 454 946 504 Ponto:
964 451 1032 499 ‘Est
1050 449 1077 498 in
1094 461 1161 512 sque
1180 444 1251 494 vinici
1272 457 1326 493 non

229 549 309 597 Pistre
319 544 450 604 adderem,
458 543 507 592 uisi
518 556 552 590 ex
561 541 663 598 Tacito,
675 537 756 597 Meis,
794 529 921 580 invidiosa
938 523 1076 589 voluptas!
1093 522 1219 585 Virgilius
1234 521 1328 582 Eciog.

229 622 511 684 nunnunqsetvinno,
518 617 632 667 Ausonio
640 619 757 663 notasset
793 608 866 658 ‘Ant
876 607 979 657 Ararim
990 602 1102 652 Parthus
1114 600 1196 662 hibet,
1206 604 1253 648 snt
1261 598 1329 648 Ger·

227 703 281 766 jem
299 698 462 748 doctissimus
482 696 636 743 Bronwerus
656 689 689 739 ad
706 687 758 737 Ve·
795 684 879 733 manis
890 679 1007 744 'tigrim’
1040 676 1171 741 suipitia:
1195 678 1244 724 ‘et
1255 689 1330 738 puras

231 768 608 828 mnffiqummx,13mm
795 757 966 821 procumbere
1004 750 1134 817 tympun!
1168 751 1329 800 Petronius:

265 857 297 902 et
315 848 438 910 Demus]
466 844 591 896 Deciives
603 849 630 892 et
640 829 761 891 deorsum
795 835 931 886 ‘Flumine
948 833 1033 881 vicino
1051 829 1144 880 stnitus
1163 829 1235 877 subit
1255 834 1284 876 et
1296 828 1331 876 ri·

235 926 355 978 gneum„
382 923 489 974 Vineam.
798 911 858 975 get!
875 909 1033 966 Pescennius
1046 907 1146 969 Niger:
1163 907 1171 933 ⁴
1184 905 1273 955 Niinm
1284 904 1331 952 ha·

266 1003 346 1052 Prono
357 998 436 1061 muse]
461 994 579 1048 Secundo
594 996 668 1058 iapsu
678 989 760 1040 fluvii.
796 987 876 1049 hetia,
886 994 913 1035 et
925 985 1011 1034 vinnm
1021 981 1153 1048 queritis!
1168 981 1258 1045 Spart.
1267 979 1330 1030 Oct.

230 1079 296 1130 Luc.
313 1076 439 1127 Freherrvs.
798 1064 930 1127 Augustus
946 1063 1054 1111 sueton.
1068 1074 1127 1122 pag.
1138 1062 1196 1108 oio.
1213 1058 1290 1107 idest.

263 1158 296 1204 28
317 1152 400 1202 Vitveo
418 1152 485 1200 iocus
502 1145 631 1213 profundo]
658 1142 691 1193 ld
711 1147 763 1203 est,
830 1143 859 1189 ti
883 1139 971 1187 Oresio
988 1139 1051 1185 sctvs
1069 1133 1151 1196 hodes]
1168 1133 1271 1184 Laudes
1282 1129 1331 1184 ffir-

231 1231 269 1281 ita
280 1230 375 1288 clarus,
391 1234 421 1275 ut
431 1223 526 1274 ceicnii
534 1226 687 1286 appareant.
719 1217 763 1266 Its
799 1216 909 1277 riorum,
919 1228 983 1278 quas
994 1210 1124 1262 Hesiodus
1134 1209 1244 1272 singuiis
1254 1209 1330 1257 attri-

232 1307 266 1354 de
279 1303 406 1354 Arethusa
418 1299 492 1350 fonte
506 1297 647 1347 Lucienusz
659 1291 763 1353 Διοιηλο
799 1293 864 1355 huit,
882 1292 907 1339 in
927 1304 1004 1340 nunm
1025 1288 1160 1336 Moseiism
1180 1286 1221 1335 hic
1241 1300 1331 1336 omnes

231 1379 331 1440 hiim,
346 1375 387 1428 uui
403 1375 442 1424 hi
459 1373 558 1437 καθαροῦ
572 1367 763 1432 manuumque
799 1370 926 1432 congerit,
964 1363 1137 1428 καλλιρέοθρον,
1171 1364 1332 1428 ἀργυροδίνην,

232 1455 262 1504 οδ
270 1454 328 1517 ὕδωρ
339 1449 454 1515 ἐπιτρέποι
463 1451 516 1500 ruis
523 1448 629 1510 ψηφίσιν,
639 1445 696 1494 ὅλον
707 1442 764 1506 ὑπὲρ
799 1445 868 1500 Ovios,
883 1441 1009 1506 δῦῤῥοῐτην,
1019 1439 1095 1502 μέγαν
1109 1439 1217 1488 taciens.
1251 1441 1331 1490 Ovio.

233 1533 309 1582 οὔτᾶν
319 1527 455 1592 φαινόμενον
469 1521 620 1590 ἀργυροειδές.
638 1522 713 1570 idem.
800 1521 855 1570 ‘Et
864 1520 932 1568 rivos
943 1517 1047 1567 flumina
1065 1531 1156 1575 macne
1174 1516 1259 1566 sucis!
1289 1517 1332 1566 lta

269 1607 394 1669 Vitreoqee
413 1602 491 1665 iocus]
522 1600 646 1664 hpnieius
675 1597 721 1646 iih.
742 1610 763 1645 r.
801 1605 828 1646 et
847 1595 1033 1659 Panegyristes
1051 1609 1148 1656 snpra:
1172 1596 1267 1645 ‘Quos
1289 1595 1333 1644 iric

232 1685 322 1735 Miles.
340 1679 437 1730 ‘Hand
455 1680 492 1728 ita
509 1679 586 1740 louge
597 1673 699 1724 radices
709 1673 764 1736 pis·
801 1682 889 1724 noster
900 1675 989 1736 ingens
1007 1672 1118 1732 fluvius:
1135 1677 1185 1722 &c
1217 1674 1333 1738 Symma-

234 1761 289 1809 tsni
308 1758 373 1808 ienis
385 1756 477 1806 fluvius
489 1752 639 1817 inspeciem
652 1748 763 1813 placidus
802 1751 865 1800 chus
890 1751 975 1813 Epist.
997 1763 1056 1798 xiv.
1078 1750 1123 1798 iih.
1147 1765 1166 1800 r.
1193 1751 1332 1815 reprimit:

234 1834 335 1900 paludis
343 1834 450 1895 ignavus
458 1829 522 1889 ibat,
531 1834 640 1890 urgento
650 1825 765 1874 veivitro
803 1829 889 1880 ‘Novi
898 1843 945 1891 ego
956 1829 1032 1879 intrim
1043 1827 1159 1888 fluvium,
1168 1843 1257 1890 „mm
1267 1829 1332 1877 mul.

235 1908 523 1962 umutnsincoiorem:
553 1901 765 1953 florendum.
804 1905 847 1965 tis,
865 1905 988 1968 imparem
1001 1904 1128 1954 maximis.
1148 1902 1334 1954 Hunctnmihi

235 1988 287 2037 0d.
301 2000 373 2036 xrn:
390 1980 662 2034 ‘ommittendum
680 1979 765 2042 spien·
804 1981 953 2044 improviso,
971 1977 1094 2043 AEgyptio
1120 1979 1183 2029 Nilo
1203 1980 1336 2043 majorem,

235 2065 322 2114 didior
333 2059 418 2111 vitro.'
435 2059 499 2107 Mox
508 2055 655 2106 Ausonius:
669 2055 766 2117 ‘Spem
804 2056 884 2120 [adde
895 2056 1061 2115 etdeiciorcrm
1074 2055 1206 2117 Spsrtisn.
1223 2055 1336 2106 Csssub.

235 2141 298 2190 turis
310 2139 392 2185 vitreo
402 2133 525 2197 perierie
535 2127 766 2194 tergsproiundo.³
804 2147 863 2196 pag.
874 2130 945 2194 m]
967 2129 1128 2194 frigidiorem
1145 2131 1268 2195 Scythico
1288 2133 1336 2181 Ts-

234 2214 327 2278 Virgii.
338 2226 377 2262 rv.
388 2211 486 2272 Georg.
502 2206 668 2269 ‘vitreisque
681 2204 768 2253 sediii-
804 2209 856 2271 nai,
873 2208 1059 2271 clarioremque
1078 2207 1127 2257 hoc
1146 2215 1235 2256 nostro
1255 2221 1336 2271 popu·

235 2291 283 2340 bus
309 2301 399 2338 omues
426 2281 613 2347 Obstupuere!
648 2281 766 2332 Statius:
804 2285 852 2334 iuri
873 2283 960 2333 'i'iberi
983 2281 1129 2332 reddidisti.
1163 2281 1335 2347 Nequaquam

234 2364 367 2428 ‘Expavit
384 2356 750 2421 vitreosuhgurgitercmos!
805 2361 852 2411 tihi
876 2360 1009 2409 crederem
1030 2360 1062 2407 de
1082 2358 1200 2408 Moseiiae
1223 2366 1283 2408 ortu
1304 2373 1335 2407 ac

268 2444 301 2488 λθ
319 2439 352 2486 Et
369 2435 432 2484 rium
453 2434 546 2496 trepido
556 2432 634 2496 putes]
651 2433 766 2482 Verbum
804 2445 995 2498 meetnmagna
1009 2434 1131 2495 narranti,
1150 2434 1177 2483 ni
1194 2443 1269 2484 certo
1287 2437 1337 2485 sei·

235 2523 302 2580 potes
311 2514 351 2562 hic
367 2513 539 2574 importunum
552 2515 601 2558 est.
617 2507 767 2571 ‘Navigeq’
804 2527 868 2575 rem,
879 2511 949 2577 quod
962 2511 1044 2560 necin
1057 2511 1176 2572 poimete
1185 2509 1338 2561 mentiaris!

233 2587 359 2654 ‘pronun'
369 2584 503 2645 ‘imitete,'
513 2584 597 2633 simite
608 2583 766 2647 adjectivum
804 2591 838 2639 Et
849 2603 910 2637 nane
927 2597 956 2638 ut
967 2588 1042 2636 dores
1051 2588 1097 2636 iiie
1109 2601 1166 2636 sum
1176 2587 1265 2649 habet,
1281 2588 1337 2652 qui.

236 2666 389 2730 requirunt3
400 2661 468 2726 qnod
478 2659 529 2710 fnit
540 2660 598 2708 oiim
608 2659 688 2722 potis:
703 2660 768 2709 riuos
804 2664 852 2714 bns
862 2665 957 2713 mnitos
974 2664 1064 2726 vincit,
1081 2664 1118 2712 its
1133 2663 1201 2711 inter
1212 2663 1282 2725 ipsos
1293 2663 1337 2726 qui

235 2744 327 2805 trepido
342 2739 405 2802 potis
415 2739 567 2801 uqviperure.
583 2735 740 2786 Gronovius·
804 2741 829 2789 iu
842 2740 931 2789 Rheno
943 2753 1035 2787 nomeu
1050 2738 1177 2788 communi
1189 2739 1247 2801 iege
1259 2737 1338 2802 depo·

263 2824 295 2867 to
315 2815 425 2878 Getides]
443 2817 502 2866 Non
518 2815 620 2878 rigidos
638 2815 767 2864 Coiumel·
805 2824 879 2877 nunt,
897 2816 996 2864 Mosam
1012 2814 1091 2864 hebet
1110 2814 1175 2863 sdeo
1192 2829 1243 2864 non
1255 2814 1336 2864 mino·

237 2896 270 2943 ia.
304 2891 377 2942 Idem
391 2892 488 2941 Auson.
506 2890 651 2954 ‘egelidam
661 2889 669 2912 '
681 2897 768 2949 vocat,
804 2908 868 2954 rem,
877 2893 957 2942 uthic
967 2892 1052 2955 potins
1061 2891 1246 2940 deminutivum
1255 2889 1337 2956 (quod

237 2971 322 3034 Epist.
335 2984 366 3018 11.
385 2967 459 3019 ‘Jam
478 2981 556 3031 super
572 2965 683 3029 egeiidae
701 2972 769 3026 steg·
805 2969 973 3021 Grammatici
984 2967 1091 3033 vocant)
1099 2983 1190 3018 nomen
1202 2968 1235 3018 sb
1243 2968 1287 3018 iiio
1294 2981 1336 3018 sc·

239 3047 329 3097 nautia
349 3054 422 3106 terge
433 3043 552 3094 Moseiire
565 3042 718 3092 Protulerat
730 3050 767 3105 te,
805 3048 906 3110 cepisse
917 3045 1044 3094 videatur.
1063 3046 1138 3094 idm.

238 3132 309 3183 nate,
321 3120 408 3170 retes!
443 3120 508 3169 lude
520 3118 689 3182 Symmachus
704 3120 712 3146 ‘
726 3117 768 3166 tri·
837 3127 869 3171 82
886 3123 959 3171 Biuio
967 3120 1107 3183 incrimine]
1123 3120 1199 3172 Quod
1214 3122 1258 3171 hic
1268 3120 1338 3171 dics·

237 3197 363 3260 gidiorem
392 3194 514 3257 Scythico
535 3191 637 3244 Tomi!
670 3193 767 3242 Lucsn.
806 3206 849 3248 tur
876 3198 951 3247 muris
977 3198 1172 3259 munimentum,
1198 3211 1250 3245 non
1274 3198 1339 3247 satis

234 3273 242 3299 ‘
255 3271 339 3320 Rheni
350 3269 443 3333 gelidis
453 3268 522 3332 qnod
543 3266 611 3332 sugit
626 3267 659 3317 sb
675 3266 769 3317 undis!
807 3274 892 3323 video.
920 3272 970 3321 Sed
981 3273 989 3299 ‘
1000 3272 1095 3321 bivium
1105 3271 1112 3292 '
1122 3272 1174 3321 dici
1187 3280 1251 3335 puto
1262 3286 1339 3336 prop·

238 3347 364 3397 Fvehervs.
806 3344 1087 3412 tergeminum‘maris
1108 3357 1214 3409 motum,
1234 3349 1337 3413 quaudo

269 3423 409 3473 Preceiiere
425 3423 493 3485 pote]
509 3421 594 3470 Vetus
610 3420 714 3470 humani
725 3434 769 3483 ge·
806 3422 909 3473 eccedit
920 3432 948 3473 et
961 3424 1069 3473 recedit.
1090 3423 1196 3474 Vinctus.

235 3500 369 3548 nerismos
382 3505 473 3558 potare
484 3493 599 3545 flumina.
633 3495 702 3545 Hinc
715 3496 768 3543 He·
839 3500 874 3548 Et
885 3499 948 3548 bivio
957 3500 1044 3564 refluus
1053 3500 1192 3562 munimine]
1210 3501 1298 3565 legor
1316 3505 1339 3549 et

236 3575 323 3624 siodns
356 3573 457 3623 Ocesoi
484 3571 655 3637 Thetidisque
685 3579 770 3632 natus,
806 3575 868 3624 hicio
885 3575 938 3640 reJi.
957 3576 1090 3624 manumitte
1108 3581 1201 3638 pontus.
1234 3576 1266 3625 id
1289 3583 1338 3637 est,

237 3648 323 3699 fontes
337 3650 420 3698 varios
432 3657 575 3710 enumeret,
587 3649 632 3713 qni
647 3648 769 3697 mortales
806 3665 894 3700 mere:
911 3651 980 3715 qnod
997 3665 1047 3700 non
1059 3665 1111 3699 uua
1122 3652 1204 3699 soinm
1216 3651 1258 3699 vis
1270 3664 1339 3700 com·

238 3726 363 3774 nutriant.
381 3725 481 3772 ‘Potor
498 3722 633 3784 Moseiiae,’
650 3721 767 3772 sidonio.
807 3724 1339 3791 meatsiuereditn,utflumiue,sedqnod

237 3801 402 3851 ‘Commune
421 3799 567 3861 Pocninm‚’
594 3801 623 3850 Ia
643 3801 674 3850 C.
713 3801 769 3850 Irex
807 3817 940 3853 accessum
953 3803 1030 3852 habet
1043 3809 1071 3852 et
1084 3817 1223 3851 recessum.
1244 3801 1340 3852 Deiec-

238 3876 354 3941 Aquurie
366 3875 434 3939 apud
451 3875 621 3925 Frontinum:
639 3875 702 3924 ‘Ne
713 3875 770 3938 quis
807 3885 879 3927 tetur
893 3892 925 3926 ea
942 3875 1024 3926 forma
1042 3877 1232 3937 vocabulorum,
1249 3883 1279 3925 ut
1289 3876 1339 3925 iroc

238 3966 330 4017 sqnanr
341 3951 451 4000 cletato:
470 3951 490 3999 si
510 3950 566 4014 quis
584 3951 699 4012 eleterit,
714 3950 769 4000 HS.
807 3952 865 4016 ipso
883 3953 1014 4002 carmine:
1037 3951 1158 4001 ‘Gaudet
1176 3942 1338 4000 sidrulsmiue

239 4027 330 4075 decern
342 4026 448 4075 miiiium
468 4027 551 4074 muita
573 4025 650 4074 esto!
682 4026 770 4077 Sidou.
807 4029 914 4077 nautica
929 4027 1028 4091 pubes!
1070 4028 1125 4076 Et:
1142 4026 1244 4075 ‘celsas
1263 4022 1339 4075 fluvii

237 4098 263 4148 in
281 4102 379 4167 Paneg.
400 4104 445 4151 ‘ot
456 4099 529 4150 flecis
540 4102 566 4150 in
577 4102 670 4165 pocuie
686 4100 770 4151 fracte
807 4102 973 4153 decoramina
990 4103 1062 4152 vilius
1072 4103 1091 4152 :'
1105 4110 1151 4151 et:
1164 4110 1172 4132 ‘
1185 4103 1256 4153 tenui
1275 4104 1339 4153 iihe-

238 4174 378 4228 Sicamhris
396 4178 485 4228 Rhene
505 4176 624 4228 tumens!
650 4177 770 4228 Ovidrr.
806 4178 875 4228 mine
887 4178 984 4229 muse!
1002 4179 1142 4229 Gronovius.
