2804 4764
163 291 228 356 974
511 304 617 354 unus
641 302 838 352 vsurouusr
865 302 903 351 ιι

164 460 194 495 rs
202 444 314 495 cohortis
324 442 440 494 Vexills’
457 451 542 506 sucat,
557 446 583 493 nl
600 443 685 505 fallor,
721 443 848 507 rentibus,
865 441 945 507 quiin
958 440 1247 505 prncsdsnuhuscon·

140 512 145 522 ’
163 522 284 570 (ιιιιιιιι
299 520 409 580 Schola,
423 527 451 568 et
468 519 598 568 cuthedue
617 519 685 582 prin·
721 526 876 568 memoretur
887 532 938 566 non
949 526 999 580 est,
1015 517 1171 568 satisfaciam
1188 532 1248 581 spe·

162 598 286 659 cipetum.
319 596 372 644 Pro
394 596 531 642 consuleres
551 599 591 642 trs.-
612 608 686 655 repo·
721 607 759 654 ro,
775 594 797 641 si
808 594 916 642 Carmen
927 606 985 640 xrs.
997 593 1128 656 respicere
1138 594 1248 657 dignen·

162 673 259 719 suimus
273 671 410 718 Cortslrms
430 675 462 719 ιι.
494 667 687 725 ‘Cunnnhiunr‚'
721 674 772 727 tur,
790 667 1175 717 uhihaecduonomiuaeoderu
1192 683 1248 717 mo·

163 745 329 802 athnirutenr3
347 742 414 806 quod
425 750 452 790 et
464 741 495 791 sb
507 743 564 791 sliis
583 755 686 805 usurpa·
720 740 921 803 dojungunturz
937 741 1045 791 ‘Gloria
1055 741 1176 791 Atheuusi
1187 747 1248 805 eog-

163 828 218 868 tnrn
237 818 349 866 memini.
381 817 451 866 Duos
474 817 576 866 ultimos
594 830 685 865 versus
720 817 775 865 nitr
801 815 863 865 sede
889 816 948 878 loci,
975 815 1093 877 Νιιιιίο,
1120 825 1148 866 et
1176 818 1248 866 claro

161 893 319 941 notissimum
357 905 390 939 ex
430 891 539 940 llorstio
578 890 684 953 petitos.
720 890 847 955 quondum
861 891 947 940 delata
958 889 1080 939 Petere!
1262 886 1268 899 ’

160 967 307 1028 Proplerea
320 967 358 1014 ιιι
375 965 540 1026 correximus,
556 971 584 1013 et
600 963 684 1027 posui·
751 965 879 1028 ιΡιιιιι]
902 964 1000 1013 Tiberii
1015 963 1129 1013 Victoris
1147 964 1248 1013 Miner·

161 1055 218 1090 rnur
229 1054 321 1088 nornen
332 1040 443 1090 Horatii.
476 1039 580 1088 Dictum
590 1047 686 1100 sutem,
720 1041 765 1103 sii,
780 1042 906 1105 quomodo
921 1050 1004 1105 putot
1022 1043 1065 1107 qui
1083 1043 1180 1104 primus
1197 1043 1247 1091 hoc

161 1116 260 1164 ‘Dicte
280 1112 400 1177 profutu,'
422 1127 478 1177 pro,
500 1114 602 1163 Dictus.
634 1112 685 1160 Vo-
719 1116 745 1164 in
757 1115 884 1166 librot‘uit
896 1115 1013 1166 defletus.
1034 1117 1140 1167 Visetur.

162 1189 247 1245 csndi,
264 1203 310 1251 pro
322 1188 468 1237 nominandi
478 1200 550 1248 essu,
566 1185 634 1249 quod
647 1193 684 1234 to·
751 1194 781 1239 ιι
810 1191 950 1239 Solstitiolis
980 1191 1049 1240 Velut
1075 1189 1147 1240 lteris
1177 1189 1248 1252 solet]

161 1268 340 1315 tiesnotsrnus
357 1265 382 1313 iu
393 1264 517 1314 Ausonio.
548 1263 591 1312 Sic
609 1263 684 1323 dixit,
720 1264 862 1313 Pseudolus
881 1279 969 1314 servus
988 1265 1014 1313 in
1030 1264 1157 1328 principio
1170 1264 1248 1312 Plau·

160 1337 684 1402 ‘Pretextste‚’prcPtercxtstus.Num
720 1340 782 1389 tinm
810 1339 947 1389 Pseudoli:
976 1339 1077 1391 ‘Quasi
1103 1339 1247 1388 solstitialia

160 1414 558 1464 itshshehstuetnsrnemhrsue.
569 1412 684 1473 Scaliger.
719 1415 799 1465 herba
816 1416 946 1479 paulisper
962 1412 1007 1463 fui.
1039 1414 1157 1475 Repente
1173 1426 1248 1462 exor-

196 1492 219 1538 0
233 1490 282 1553 flos
298 1488 426 1551 deorsum]
442 1485 684 1537 Perturbstisrimus
720 1497 846 1540 tursum:
865 1490 1000 1554 repentino
1013 1489 1116 1539 occidi)
1130 1488 1239 1537 Visetur.

161 1573 202 1614 est
212 1566 238 1612 in
249 1564 352 1626 scriptis
369 1563 458 1611 horum
480 1576 598 1611 versuum
614 1560 684 1609 ordu-
752 1565 890 1614 Solstiticlr's
901 1565 970 1614 Velut
977 1562 1060 1625 ιιιιι]
1072 1562 1247 1612 Uritutissims

161 1640 250 1703 Atque
261 1641 318 1689 hille
329 1638 432 1699 weidif,
447 1643 477 1686 ul
493 1650 571 1701 quum
589 1635 684 1684 Miller·
720 1640 752 1689 gb
761 1638 999 1689 herbiggtflogibug
1016 1638 1098 1687 utitur·
1114 1650 1247 1701 (pompm.

160 1717 228 1765 vium
240 1717 306 1764 hunc
323 1714 425 1764 summis
445 1711 563 1762 laudibus
575 1711 685 1760 soluerit
721 1717 799 1764 tione.
833 1716 877 1764 Sic
893 1714 993 1764 stulius
1013 1712 1058 1762 lih.
1080 1725 1110 1761 ιι.
1131 1712 1202 1775 Sylr.
1223 1717 1247 1761 l.

160 1790 289 1839 Ausonius
299 1787 401 1845 efferre,
412 1789 517 1850 culpare
529 1801 603 1850 pene
616 1785 685 1834 side·
719 1791 796 1852 ‘Ille‚
820 1791 891 1839 relul
908 1790 1003 1853 primos
1019 1787 1196 1850 exspiraturus
1213 1787 1246 1835 sd

161 1874 228 1927 ιιιιι,
244 1869 335 1916 ssiteur
356 1865 377 1914 si
394 1865 528 1926 Srsllgcro
546 1863 683 1923 credimus,
720 1872 820 1914 austros
838 1863 960 1913 Mollibus
979 1864 1005 1911 in
1024 1861 1105 1925 pratis
1125 1862 1177 1909 stre
1199 1859 1247 1909 iios

159 1943 204 2006 qni
216 1948 290 2005 putat
301 1941 379 1990 etiam
391 1940 459 2002 petri
471 1953 517 1987 suo
537 1952 588 1985 non
605 1934 684 1985 fuisse
719 1939 850 2003 improbus
862 1943 956 1999 exstat,
965 1937 1009 1986 Sic
1021 1943 1095 1985 tener
1105 1942 1166 1984 ante
1176 1935 1247 1983 diem

159 2015 289 2064 heredem.
322 2015 359 2062 Ut
370 2013 449 2074 igitur
459 2011 501 2060 hic
513 2010 632 2059 Alethiur
653 2024 685 2058 eo
721 2015 791 2063 vultu
811 2024 948 2077 gressuque
957 2009 1068 2073 superbo
1086 2010 1192 2058 Vicerst
1213 2024 1246 2059 e·

158 2091 193 2139 ait
203 2089 392 2138 existimatione
405 2085 473 2147 sputi
490 2091 616 2148 posteros,
634 2097 685 2147 qua
720 2089 816 2152 quales,
832 2087 991 2150 multumque
1000 2085 1140 2148 reliqueret
1151 2083 1247 2133 runos!

160 2177 219 2212 euru
229 2176 285 2210 esse
298 2160 375 2208 soluit
387 2159 479 2220 Poeta,
494 2158 543 2207 hoc
562 2157 624 2205 mihi
644 2171 684 2205 or·
720 2161 793 2210 idern
804 2160 849 2210 lib.
858 2174 902 2209 ιιι.
914 2162 940 2209 ιι
950 2161 1013 2209 lacr.
1024 2159 1162 2207 Hetrusci:
1176 2157 1247 2206 ‘Sed

160 2236 221 2284 dine
238 2243 320 2283 totum
331 2233 440 2282 Carmen
459 2230 594 2294 legendum
614 2230 685 2279 vide·
720 2237 805 2285 medis
814 2234 930 2284 cecidere
939 2234 1049 2297 shrupts
1056 2233 1167 2296 juventu
1175 2233 1247 2282 Geu-

161 2322 218 2362 tur:
245 2314 286 2376 [ιι
305 2323 350 2358 ιιι
371 2309 397 2357 in
417 2314 492 2356 textu
513 2305 684 2368 excudimus]
721 2310 773 2370 (ιιι,
789 2309 960 2373 florentesque
978 2323 1055 2358 msnu
1074 2308 1151 2358 scidit
1168 2308 1246 2357 Atro-

160 2388 199 2436 En
213 2400 288 2450 quem
300 2384 402 2432 diversa
413 2382 469 2431 hec
480 2397 495 2431 ι
506 2387 593 2430 mente
604 2390 631 2429 et
648 2381 685 2429 iu·
721 2398 768 2446 pos
787 2398 875 2433 sonos.
907 2383 1003 2435 Qualis
1019 2384 1145 2446 pallentes
1167 2384 1246 2433 decii·

159 2458 349 2522 terpretstiune
358 2455 494 2520 Scaligeril
512 2454 685 2504 ‘Deseritisti'
720 2467 784 2508 nunt
795 2460 848 2507 lilio
859 2461 965 2520 culmos,
983 2458 1166 2522 Rubentesqne
1180 2473 1246 2508 roser

158 2534 226 2598 (scil.
238 2535 375 2582 immutura
387 2539 471 2580 morte
482 2529 584 2592 ruptus)
601 2529 685 2578 omnis
721 2535 817 2596 primos
838 2532 980 2582 moriuntur
1001 2531 1033 2579 sd
1052 2540 1163 2595 austros,
1191 2532 1248 2582 Aut

158 2605 483 2658 hecnrtureerfortunae
500 2606 577 2666 dous,
593 2619 625 2652 ue
645 2618 684 2653 rc·
720 2605 765 2655 uhi
788 2620 866 2655 verns
888 2606 960 2655 novis
988 2606 1105 2669 exspirat
1132 2621 1246 2670 purputs

159 2683 228 2733 lictis
255 2681 357 2746 quidem
384 2680 482 2742 liberis,
511 2681 556 2743 qui
582 2679 684 2727 divitias
721 2681 818 2744 pratis)

158 2759 292 2819 utriusque
299 2755 387 2803 domus
395 2754 551 2802 hereditario
558 2754 617 2815 jure
627 2768 684 2816 pos·
752 2761 783 2805 ιι
802 2758 938 2804 ontearum
959 2755 1106 2818 Ruplusqsre]
1122 2755 1173 2808 Qui
1193 2757 1246 2805 cilo

159 2831 283 2880 siderent.
319 2829 364 2879 Sic
386 2829 471 2878 Csrm.
498 2840 577 2876 xxiv.
604 2828 683 2875 ‘Tum
719 2829 774 2880 fsto
783 2831 927 2891 rapiuntur,
943 2843 991 2877 nec
1002 2830 1108 2879 multum
1122 2843 1246 2879 annorum

159 2905 238 2954 decus
254 2917 329 2953 ornne
350 2903 410 2965 tuis,
428 2917 503 2966 quarn
524 2916 583 2950 mox
601 2901 684 2963 dolor,
720 2917 852 2952 numerum
880 2901 989 2965 fuciunt,
1016 2902 1120 2953 ostensi
1145 2911 1245 2953 testum

158 2978 347 3029 omnisucerbo
363 2979 464 3026 Funere
483 2976 619 3025 destituir.'
650 2976 682 3025 ld
719 2977 1052 3027 humenrcvitaedicuntur.
1080 2978 1245 3041 Virgiliusde

159 3059 208 3116 est,
224 3055 319 3103 dereris.
351 3052 505 3101 ‘Rhetorica
516 3049 585 3099 floris
602 3049 683 3100 adulti
719 3054 862 3103 Marcello:
889 3052 1056 3102 ‘Ostendent
1077 3055 1151 3102 terris
1177 3053 1245 3103 hunc

158 3125 234 3190 fruge
255 3127 360 3177 curens'
378 3134 427 3184 est,
443 3140 499 3190 qum
520 3125 627 3174 necdum
649 3125 682 3172 ad
720 3134 820 3176 rantum
848 3125 921 3176 fula!
961 3126 1103 3175 Venantius
1129 3127 1175 3177 lib.
1206 3141 1246 3176 ιι.

157 3201 226 3250 illurn
236 3202 402 3263 provectioris
410 3201 495 3251 uelatis
505 3203 623 3263 pervenit
631 3215 682 3248 ms·
719 3202 804 3251 Csrm.
825 3213 900 3249 sxvs.
922 3199 1027 3249 ‘Omne
1047 3199 1139 3249 honum
1161 3202 1247 3259 velox,

158 3278 300 3337 ιιιιιιιιιι,
310 3284 338 3326 ιι
348 3280 355 3306 ‘
366 3291 412 3340 pro
421 3291 466 3340 sps
475 3290 528 3324 reru
538 3275 682 3325 fruendoru'
718 3274 876 3339 fugitivaque
888 3274 983 3338 gaudia
997 3274 1083 3323 mundi
1099 3274 1246 3324 Monstran·

158 3352 242 3413 duret,
260 3361 289 3402 ut
306 3352 367 3400 slihi
383 3353 486 3401 Noster.
519 3351 628 3398 Versum
640 3351 682 3413 qni
720 3358 761 3399 tur
773 3352 859 3413 terris,
876 3356 904 3399 et
915 3352 968 3399 cito
979 3350 1051 3413 iupss
1069 3351 1163 3399 ruunt!
1179 3351 1246 3399 Bor·

157 3425 256 3488 decret,
271 3426 307 3474 ιιι
325 3426 451 3488 suppleri,
467 3426 525 3473 Post
546 3426 683 3487 illusorium,
718 3426 790 3475 thius.

157 3501 262 3562 Postque
291 3501 409 3549 Ριισιιι.
453 3499 540 3550 erare
570 3500 682 3548 Poteram
750 3505 782 3551 te
801 3500 928 3561 Utriusque
945 3499 1007 3562 sine]
1023 3499 1158 3549 inveteri
1178 3501 1246 3553 libro

157 3590 231 3638 quum
243 3576 340 3623 Putem
360 3574 455 3633 malim,
473 3579 546 3620 vetus
568 3572 634 3621 liber
655 3582 682 3622 et
719 3582 776 3624 erat
790 3574 917 3638 Utriusque
927 3576 1007 3623 dorsus
1021 3574 1078 3623 Sine
1095 3576 1178 3624 leode
1196 3582 1245 3625 teo.

156 3649 345 3714 prepositiouis
373 3649 486 3711 regimen
512 3646 627 3696 fuciunt:
655 3649 681 3697 in
718 3648 1003 3712 Uhiprinssmvidetur
1021 3649 1176 3712 corripuisse
1197 3650 1248 3700 Po·

65 3730 72 3745 ⁸
156 3727 201 3775 ilio
220 3740 339 3789 numque,
353 3726 457 3786 Postque
468 3725 569 3773 Petere:
588 3725 630 3774 ubi
645 3723 681 3775 fa·
718 3721 771 3784 ἓιι,
794 3730 887 3771 contra
912 3736 988 3785 quum
1016 3723 1100 3771 solent
1127 3723 1178 3772 alii.
1210 3726 1247 3776 Et

157 3801 360 3860 cilenotuilla“‚
376 3799 580 3863 quaemilterem
598 3799 682 3862 desig·
718 3811 776 3847 cum
796 3797 869 3845 hores
889 3810 960 3859 sepe
988 3810 1033 3860 per
1061 3797 1246 3861 diphthongum

156 3883 210 3935 unt,
227 3873 322 3936 negligi
344 3873 458 3936 potuisse
480 3872 600 3922 videtur:
627 3873 682 3922 herc
717 3873 856 3935 scribatur,
869 3873 967 3922 Noster
978 3881 1062 3922 autem
1071 3873 1245 3937 diphthongos

157 3949 426 3997 sutemuccusutirruu
445 3948 537 4010 poscit.
572 3950 629 3998 Nec
645 3950 681 3997 vi·
717 3948 781 3997 eiirs
805 3962 854 3996 uns
880 3947 961 3996 vocali
986 3949 1139 4011 quandoque
1162 3950 1247 3998 solcst

157 4022 214 4076 deo,
238 4038 316 4087 quare
338 4024 434 4085 ellipsis
454 4024 486 4071 sit
512 4022 680 4072 adsumenda.
718 4023 860 4085 corripere,
887 4035 958 4070 more
984 4021 1028 4071 hic
1055 4021 1172 4071 fortassis
1199 4037 1245 4071 suo

158 4096 324 4149 ‘Notarium’
351 4098 420 4147 unde
448 4098 592 4161 receperim
613 4113 680 4162 qure-
717 4097 820 4161 fecerit,
836 4104 863 4146 et
879 4096 950 4146 ‘sine
966 4096 1245 4163 here’prusnspaestu
