2804 4764
134 310 219 374 1276
480 325 588 374 uorsa
615 325 812 374 vattlotttJM
837 326 877 374 ru

133 477 217 529 neque
240 462 375 512 reddebat.
416 464 561 528 Propterea
582 466 657 528 lego:
697 465 869 514 Censorium:
902 471 1095 531 trecentosque
1109 465 1250 532 deniqne*

136 543 261 592 Nobiscum
280 541 390 602 inuenies,
411 541 541 591 narrastis
560 543 582 592 si
602 543 660 592 libel
695 543 772 591 Silius
784 543 889 593 ltalicns
902 545 940 592 bis
957 545 1090 594 versibus:
1107 545 1224 610 'Argao-

133 618 178 665 ιιι.
198 617 251 665 Nea
264 617 395 678 Poesa,sed
408 617 558 682 Graecastde.
580 617 658 680 Apud
697 615 828 665 thoniacos
853 625 935 668 armat
967 618 1073 682 Carteia
1104 629 1225 682 nepotes.

134 707 180 742 nos
191 693 294 755 quidem
306 692 431 754 inuenies,
449 692 549 756 inquit:
566 691 612 740 sed
628 705 660 741 es
697 692 752 740 Rex
772 693 872 754 proavis
892 691 942 742 fuit
960 694 1062 741 lrumani
1081 692 1225 744 ditissimos

134 769 201 831 lege,
217 775 246 816 nt
263 765 403 815 rorwhsor
418 773 501 814 utare.
533 764 601 817 Quid
618 772 660 814 est
696 769 817 831 aeri‚'l¹er
833 769 1142 819 donesdecieaemeusus
1154 761 1225 821 belli-

134 843 291 893 rarsrbrror?
306 843 354 890 boo
365 848 415 900 est,
433 849 462 891 ut
479 856 529 891 uon
544 841 660 904 ‘Poeua‚'
697 859 743 907 ger
761 845 858 893 annos!
898 847 1012 897 ortorum
1031 846 1158 909 imprimis
1175 860 1226 895 rne-

135 923 181 971 sed
203 922 316 970 ‘Graeca
337 918 404 967 tide'
426 920 525 968 utaris:
550 920 661 969 ‘Graeca
697 934 792 969 morem
810 920 889 970 t'uisse
901 921 1049 978 Ausonium,
1069 922 1130 971 dnm
1148 922 1226 971 reni·

135 998 206 1048 fide'
229 997 323 1055 dicitur
345 996 420 1057 solvi,
442 996 510 1059 quod
538 996 661 1059 praesenti
697 996 768 1045 culos
794 997 964 1046 meditaretur
989 1012 1058 1058 suos,
1086 1011 1137 1047 vox
1171 997 1227 1062 ipsa

135 1073 244 1138 pecunia
265 1073 381 1121 solvitur.
423 1072 510 1123 Quare
532 1071 574 1119 ille
592 1071 660 1135 apud
697 1073 831 1135 ‘proavis‘
850 1087 901 1121 non
921 1072 984 1121 nibil
1007 1071 1132 1122 ostendit.
1167 1073 1226 1124 Nee

135 1147 268 1207 Plautum,
292 1147 334 1206 qui
363 1145 428 1195 dicit
453 1145 576 1195 ‘manus'
602 1161 661 1196 suar
698 1155 824 1208 praterea
845 1149 1005 1211 ambigimus,
1019 1163 1096 1212 posse
1112 1146 1181 1213 beri,
1196 1155 1226 1199 ut

133 1221 266 1270 ‘oculatas
277 1218 349 1269 esse'
367 1227 395 1269 et
412 1220 613 1285 ‘crederequod
626 1223 660 1270 ri·
698 1235 754 1269 cnm
772 1221 936 1272 Anacreonte
955 1224 1019 1273 Silio
1038 1225 1188 1285 conveniat,
1205 1224 1227 1272 si

133 1295 212 1346 deut'
232 1297 387 1359 postulatut
402 1296 452 1346 aibi
470 1297 662 1359 ‘Groecaiide‚'
698 1297 753 1361 quis
780 1299 817 1346 ita
842 1299 949 1363 legerit:
977 1301 1022 1348 rer
1044 1300 1128 1363 patinos
1151 1300 1229 1350 derlee

134 1372 174 1421 rol
195 1371 290 1420 ἐνώπιον
310 1373 431 1422 soluatur.
469 1373 537 1422 Sane
559 1376 661 1436 possem
697 1388 800 1421 emerem
817 1374 914 1436 belliger
931 1389 1012 1424 onam.
1045 1374 1097 1423 Sed
1117 1375 1227 1425 Ovidis·

136 1447 199 1496 illud
216 1445 358 1496 aasabim
368 1446 401 1496 da
414 1446 534 1510 polimste
551 1449 660 1513 qltodam
697 1464 757 1498 num
770 1451 832 1499 illud
843 1451 1040 1508 meminerimus,
1051 1452 1130 1500 ‘Exit
1142 1451 1170 1499 in
1182 1451 1226 1500 iso·

137 1525 311 1588 interpretari.
344 1522 394 1572 Sed
411 1524 662 1573 nolocontraauimi
698 1540 812 1574 mousom
835 1524 957 1575 t‘oecanda
984 1525 1091 1575 licentia
1119 1533 1226 1574 ratum:

135 1601 185 1650 mei
195 1599 348 1649 senteutiam
358 1601 456 1663 nugari.
490 1599 566 1651 Quod
575 1606 661 1648 antem
699 1601 805 1663 Obligat
815 1603 936 1652 lsistorics
950 1617 998 1651 uec
1009 1616 1055 1651 sua
1065 1601 1148 1650 verba
1158 1600 1229 1651 tide!

136 1675 229 1725 Graeca
239 1674 304 1724 fides
322 1676 348 1724 iu
366 1674 528 1738 proverbium
545 1675 662 1737 cesserit,
699 1678 739 1727 Ne
756 1678 811 1741 quis
831 1684 916 1726 autem
934 1678 1004 1726 abuti
1023 1691 1069 1725 nos
1089 1677 1228 1726 authorum

136 1751 179 1800 ubi
186 1751 218 1800 de
231 1751 352 1815 praesenti
364 1751 475 1813 pecnnia
485 1750 578 1813 agitur,
588 1757 662 1812 patet
699 1752 845 1800 testimonio
854 1752 994 1810 existimet,
1002 1758 1120 1800 erratum
1130 1751 1226 1814 triplex

137 1827 213 1875 simili
226 1826 373 1890 proverbio,
384 1822 550 1882 birralaobl.
584 1825 661 1876 Quod
699 1825 723 1873 in
734 1825 792 1874 Vol.
811 1841 840 1874 ac
860 1827 935 1876 Ceus.
956 1833 1135 1887 recognoscat,
1153 1840 1226 1889 opor·

136 1919 194 1954 cum
211 1911 360 1965 corruptum
377 1905 411 1952 sit
431 1903 499 1966 apud
510 1903 661 1958 Varronem,
700 1907 757 1950 tet:
775 1900 985 1963 ‘Arganthonius
1004 1899 1169 1961 Gaditanus:
1190 1903 1228 1949 iu·

137 1981 324 2029 emendandum
336 1979 433 2041 putavi.
451 1976 662 2040 Locusestapud
700 1977 756 2039 quit
776 1976 835 2025 Vel.
857 1976 978 2025 ‘tamdiu
1001 1976 1129 2037 regnarit,
1150 1990 1228 2040 quam

137 2057 248 2105 Nonium
259 2057 369 2104 inverbo
378 2053 585 2107 emanaturam
593 2055 662 2114 leges
701 2051 743 2100 diu
755 2052 832 2099 etiam
844 2051 876 2100 ad
889 2051 1037 2100 satietatem
1046 2051 1139 2100 vixisse
1147 2050 1228 2101 abun·

131 2128 663 2193 jubent,uoniaciunt,faeiaut‚Doscelavs
701 2125 820 2175 deforet.
855 2140 933 2176 ιω
950 2127 1017 2175 enim
1033 2126 1105 2174 aunis
1117 2127 1226 2190 patriam

135 2205 346 2255 fervitomnino!
379 2204 527 2268 degendam
543 2205 663 2254 omuino:
700 2216 769 2250 suam
798 2202 874 2262 rexit,
897 2216 954 2251 curn
977 2202 1009 2250 ad
1031 2201 1166 2264 imperium
1188 2213 1224 2250 ux

137 2281 205 2335 Quod
215 2281 377 2342 lsgesjebent,
392 2279 557 2339 nmsocisal:
572 2278 611 2328 δὸς
626 2279 664 2328 rol
700 2291 776 2325 aanor
787 2285 859 2326 natos
871 2278 1032 2327 accessisset.
1050 2277 1098 2326 Cui
1111 2277 1149 2326 rei
1159 2276 1225 2327 certi

135 2354 197 2410 tabl
209 2355 288 2413 serait
306 2355 408 2403 anniso.
442 2355 494 2404 Ubi
517 2355 595 2404 etiam
612 2355 664 2404 ele·
700 2361 759 2401 sunt
768 2352 896 2402 authores.
919 2353 1023 2402 Asinius
1034 2361 1121 2402 autern
1130 2351 1226 2410 Pollia,

135 2437 228 2492 gauter
242 2442 343 2477 asarta
362 2429 448 2493 posuit
460 2443 506 2492 pro
517 2427 663 2492 ἐπιπολάζει,
700 2441 750 2476 nou
761 2427 864 2476 minima
876 2442 935 2489 pars
947 2428 1019 2476 llorn.
1030 2427 1102 2490 styli,
1113 2427 1139 2476 iu
1148 2426 1225 2475 tertio

135 2506 183 2554 boc
195 2513 246 2567 cst,
256 2506 282 2553 iu
292 2504 419 2568 frequenti
431 2520 478 2553 usu
489 2513 538 2554 est.
566 2507 663 2554 Mirum
700 2501 788 2551 histor.
799 2516 900 2551 suarum
912 2502 986 2562 libro,
998 2508 1101 2550 centum
1119 2502 1189 2550 illum
1200 2505 1227 2549 st

50 2631 57 2642 ,
135 2588 221 2630 tameo
249 2580 391 2629 Ausonium
419 2581 465 2628 hac
493 2580 519 2628 iu
546 2580 664 2644 Epistola
701 2577 807 2638 triginta
819 2590 898 2625 annos
909 2578 1064 2639 explevisse,
1075 2590 1227 2626 commemo·

138 2658 280 2719 precipere
299 2655 391 2715 Paulo,
412 2662 441 2703 ut
464 2668 551 2703 secum
567 2653 664 2703 offam
700 2660 750 2710 rat,
774 2660 801 2699 et
830 2652 885 2714 ipsc
912 2665 1054 2700 numerosae
1079 2651 1226 2700 vivacitatis

134 2730 220 2792 libros,
232 2744 375 2793 quanquam
389 2730 443 2792 ipsa
460 2729 572 2778 babeat:
590 2731 615 2777 in
633 2744 664 2778 es
699 2726 765 2774 haud
779 2741 882 2789 parvum
895 2728 1048 2790 exemplum.
1081 2727 1167 2790 Hujus
1179 2727 1227 2777 Re·

135 2820 196 2854 vcro
212 2807 337 2869 Epistola,
356 2819 414 2868 quae
432 2805 533 2867 incipit,
552 2805 663 2867 ‘AEqao-
700 2802 737 2863 gis
749 2804 992 2851 consummationem
1011 2816 1132 2851 annorum
1144 2803 1225 2851 minus

135 2881 223 2943 ream,’
230 2881 307 2946 jabet
319 2882 401 2930 nullas
410 2879 511 2942 afferre,
522 2880 582 2943 quia
593 2878 662 2943 apud
698 2875 873 2924 admirabilem
891 2876 988 2926 faciunt
1006 2877 1148 2940 Aithiopes,
1164 2891 1226 2942 quos

137 2972 164 3006 se
177 2958 300 3006 inveniet.
312 2956 428 3017 Scaliger.
698 2950 846 3000 Herodotus
865 2953 954 3002 scribit
973 2962 1076 3002 centurn
1087 2960 1115 3003 et
1128 2954 1226 3016 trigesi-

167 3032 302 3094 aarum]
315 3032 485 3095 Figmenlum,
496 3041 524 3081 et
535 3045 662 3081 contruen-
698 3042 765 3074 natant
783 3042 876 3075 annum
893 3028 1057 3091 transgredi!
1090 3029 1225 3079 Hactenus

135 3113 199 3155 tum.
221 3106 327 3154 Vinctos.
697 3102 786 3150 i'aler.
811 3103 1225 3166 Legendumreroscmods'ra·

165 3183 181 3228 4
204 3179 303 3227 Alumne
326 3179 452 3241 mudum]
483 3180 534 3231 Qui
557 3180 589 3228 alr
612 3180 661 3228 illis
696 3179 788 3240 perium
798 3178 1174 3231 liburnosnotrsaoccmieset:
1191 3194 1225 3230 ex

133 3255 252 3316 alebaris,
265 3255 465 3317 docebarisque:
486 3257 529 3318 qui
547 3264 607 3303 tunc
620 3270 661 3303 ea·
698 3254 761 3301 bles.
776 3254 891 3302 omnibus
910 3253 994 3303 Codd.
1012 3257 1112 3318 (omncs
1130 3263 1224 3317 autem,

135 3345 190 3379 rum
219 3330 291 3393 qnasi
313 3327 380 3377 lilius
399 3329 571 3388 dulcissimus,
594 3343 661 3377 nrrnc
696 3344 758 3393 quos
786 3330 885 3378 vidore·
901 3331 974 3379 uobis
1002 3332 1114 3395 contigit
1141 3332 1224 3396 accipi

134 3421 196 3456 vero
206 3413 281 3469 pater
291 3418 318 3452 cs
331 3404 427 3466 potius,
436 3405 476 3451 vel
489 3418 610 3465 proavos,
620 3404 662 3452 ab·
698 3404 833 3468 volumus.)
866 3404 953 3468 Atque
971 3407 1009 3455 ita
1025 3405 1081 3466 tier,
1100 3416 1130 3456 ut
1141 3408 1225 3457 Hero·

133 3497 206 3542 avus,
217 3487 317 3541 marus,
329 3480 446 3537 tritavus,
457 3487 502 3526 aut
519 3479 602 3540 siquid
621 3487 662 3527 est
697 3478 783 3526 dotum
801 3480 933 3528 authorem
953 3482 1030 3528 etiarn
1045 3490 1170 3545 sequutus
1180 3497 1225 3545 sp·

133 3559 270 3622 antiquius,
297 3556 331 3605 ob
358 3555 512 3617 singularem
539 3554 660 3602 eruditio·
697 3557 1140 3618 pareat,cujusinCliolracsuut:
1159 3557 1222 3606 ’Arr-

132 3647 198 3683 netu.
219 3633 296 3680 Vinci.
696 3629 786 3689 κόμινοι
805 3629 830 3678 δὲ
847 3631 870 3679 ls
886 3630 1080 3692 sbr'l'opreoobr,
1100 3633 1223 3694 speculo

164 3717 179 3759 b
200 3710 233 3758 Ut
241 3709 292 3768 frsil
304 3707 358 3755 alim
370 3707 543 3756 Tartessiorum
553 3707 659 3771 regulata]
696 3704 805 3766 effluam
819 3707 854 3765 τῷ
864 3707 1015 3764 βασιληῒτῶν
1024 3709 1180 3770 Tapreoolrrs,
1189 3711 1224 3770 τᾷ

131 3784 336 3848 Arganthonlum
360 3781 548 3831 Tartessiorum
574 3798 659 3847 regern
696 3780 833 3840 οὔνομαμὲν
848 3780 877 3839 ἦν
892 3783 1066 3844 Ἀργανθώνιος.
1085 3782 1223 3846 lroplvrnoe

134 3861 250 3920 iudicari,
262 3859 338 3921 plane
350 3865 462 3907 constat.
496 3859 544 3907 Cui
556 3867 659 3907 centum
696 3855 721 3904 al
731 3858 864 3918 Topraooob
880 3856 1012 3917 ὀγδώκοντα
1023 3857 1086 3908 ἔτεα.
1103 3860 1186 3912 liliosae
1196 3858 1223 3908 tt

131 3944 159 3986 et
180 3935 364 4000 quinquaginta
387 3947 466 3982 annos
487 3933 604 3983 tribuunt
624 3933 660 3983 A·
678 3931 781 3992 'viarm
794 3933 865 3980 ebron
873 3932 912 3981 stol
924 3933 1014 3981 ἑκατόν.
1048 3935 1123 3986 Quod
1136 3942 1223 3986 autern

132 4009 364 4072 nacreon,Strabo,
376 4007 489 4056 Plinius:
501 4016 603 4056 centum
617 4022 660 4055 aa·
695 4009 801 4069 legitur,
821 4008 897 4056 scribi
919 4008 952 4058 ab
968 4008 1111 4071 Herodoto,
1127 4010 1224 4060 AEtltio·

105 4128 110 4135 .
133 4093 231 4135 temet
251 4085 368 4148 triginta,
380 4082 484 4131 Asinius
495 4083 589 4144 Pollio,
600 4098 659 4132 cen·
695 4096 750 4143 pes,
773 4083 939 4130 centesimum
958 4090 985 4131 ct
1004 4085 1160 4146 trigesimam
1180 4101 1224 4135 aa·

131 4168 185 4208 tunt
197 4168 225 4209 et
239 4159 329 4221 viginti
341 4156 501 4220 Herodotus,
514 4159 573 4208 vst.
587 4159 659 4209 blax.
696 4174 754 4209 uttru
776 4160 930 4221 transgredi,
949 4160 1134 4212 emendandum
1151 4176 1175 4214 c.
1195 4171 1223 4213 ct
