2804 4764
536 336 571 385 n.
594 335 716 386 uanus
741 338 909 388 ausonis.
1181 327 1268 405 1887

225 487 303 543 tneo
322 481 395 541 ibid.
409 490 438 541 4.
449 481 673 542 comm-vineti
685 483 714 541 iu
729 483 829 562 Opere
842 485 940 544 omnia
953 485 1086 546 Ausonii.

221 604 261 621 ··-
281 597 334 655 per
352 577 443 637 Elium
458 577 605 637 Vinctum.
621 579 666 637 lb.
680 577 734 638 iol.
749 580 818 638 min.
839 582 896 639 Sed
912 580 942 638 in
961 580 1038 639 Bibl.
1052 580 1265 643 Schwarzienae

180 670 401 730 alternentur.
421 666 454 728 P.
470 685 494 728 1.
514 689 543 728 n.
562 678 649 743 1785,
664 672 750 748 (etin
765 674 842 732 Bibl.
858 673 992 733 Francos.
1015 675 1053 734 ad
1078 675 1136 750 M.)
1156 697 1266 737 memo·

183 775 286 823 rantur
300 767 355 825 lroc
371 767 416 824 tit.
436 764 556 824 Ausonii
569 765 666 824 omnia
679 767 790 844 Opera.
824 768 871 827 Ad
884 768 949 826 lraec
961 770 1130 847 Symmachi
1143 781 1172 830 et
1186 771 1265 831 Pon·

178 859 213 917 tii
230 860 340 918 Paulini
355 861 391 919 ad
415 863 486 918 Ans.
500 867 560 917 tum
584 859 747 930 Ciceronis,
762 860 908 937 Sulpiciae,
932 862 1113 939 aliorumque
1136 872 1264 924 veterum

178 955 363 1030 quorundam
388 953 519 1013 carmine
533 954 679 1028 nonnulla,
698 955 839 1015 illustrata
864 975 916 1034 per
936 957 982 1016 El.
997 957 1145 1030 Vinctum,
1159 959 1264 1018 Burdi-

177 1047 253 1124 galae
269 1056 353 1108 1580.
367 1047 417 1106 sol.

221 1150 297 1204 1588
320 1141 535 1217 Heidelbergoe,
560 1149 589 1202 8.
615 1160 666 1218 ap.
689 1142 913 1203 Commelinum.
943 1146 982 1204 D.
1007 1147 1109 1224 Magni
1140 1148 1263 1207 Ausonii

175 1256 276 1313 opera,
294 1238 321 1295 in
343 1237 487 1296 meliorem
501 1236 632 1296 ordinem
647 1236 771 1315 digestu.
813 1240 976 1318 Recoguita
990 1251 1059 1301 sunt
1077 1261 1096 1301 1
1113 1242 1177 1301 Jos.
1192 1243 1263 1301 sca·

175 1332 352 1410 ligero,lul.
376 1334 451 1391 Caes.
475 1333 507 1392 l·'.
531 1342 563 1392 et
587 1333 705 1392 infinitis
731 1333 804 1393 locis
828 1335 994 1394 emendata.
1035 1336 1176 1414 Ejusdem
1197 1339 1262 1397 Jos.

174 1431 313 1509 scaligeri
327 1431 557 1490 Ausoniauamm
570 1431 727 1490 lectionum
737 1432 806 1492 libri
819 1433 879 1491 duo
891 1433 928 1491 ad
945 1434 1037 1492 Elium
1049 1435 1185 1494 Viueturn
1201 1455 1209 1492 :
1231 1436 1259 1493 in
1383 1436 1386 1441 ’

174 1527 283 1604 quibus
297 1526 517 1604 castigationum
534 1526 662 1587 rationes
674 1527 848 1599 redduntur,
860 1539 890 1588 et
904 1527 1078 1588 difficiliores
1091 1530 1148 1588 loci
1163 1532 1259 1588 Auso-

172 1620 250 1680 niani
264 1622 454 1699 explicantur.
493 1621 564 1680 Post
584 1621 710 1681 iudicem
734 1641 856 1700 operam
881 1623 1002 1681 Ausonii
1020 1624 1145 1700 legitur:
1166 1625 1259 1683 ‘Om-

170 1717 221 1775 nia
234 1736 270 1775 ea
284 1716 400 1775 duobus
419 1715 554 1792 antiquis,
568 1725 600 1775 et
612 1715 748 1792 pluribus
770 1715 852 1774 novis
865 1717 1078 1794 exemplaribus
1092 1719 1257 1794 recognita:

172 1830 295 1890 quorum
319 1821 447 1870 veterum
475 1810 693 1887 exemplarium,
713 1811 836 1870 alterum
856 1811 903 1870 lo.
927 1811 997 1871 'lilii
1023 1813 1256 1890 Engolismensis,
1382 1889 1384 1893 Ι

171 1907 294 1966 alterum
315 1907 417 1983 steph.
447 1905 587 1982 Charpini
611 1905 813 1982 Lugdunensis
842 1905 918 1964 t'uit.'
959 1907 1044 1966 Hanc
1067 1906 1117 1966 ed.
1148 1925 1256 1966 meram

168 2001 373 2079 Lugdunensis
385 2019 432 2059 an.
447 2007 533 2066 1575.
546 2000 745 2078 repetitionem
760 2018 821 2058 esse
832 2000 997 2076 auspicatur
1010 2001 1235 2079 llambergsrus.

208 2131 249 2141 -
268 2098 411 2166 Generae,
428 2094 475 2156 16.
489 2114 525 2153 ex
539 2094 733 2172 recognitione
755 2093 901 2171 scaligeri,
923 2103 1033 2154 etcum
1048 2095 1145 2173 ejusd.
1172 2097 1254 2160 lectt.
1286 2125 1289 2131 >

166 2194 288 2353 Αἱ181110
310 2283 455 2362 Burdigal.
477 2300 515 2343 11.
542 2303 593 2362 ap.
618 2284 784 2361 Millauges,
806 2293 836 2341 4.
858 2283 956 2349 Vineti
980 2285 1110 2345 secunde
1136 2304 1165 2346 c.
1191 2285 1254 2362 ejus

163 2383 253 2441 notis.

211 2483 287 2544 1595
310 2474 403 2553 Lugii.
419 2483 525 2550 1411).
541 2473 720 2552 Raplreleng.
734 2492 770 2531 ex
784 2492 886 2551 recog.
898 2475 962 2534 Jos.
977 2474 1127 2552 scaligeri.

204 2604 244 2615 -
265 2573 405 2639 Genese,
421 2568 566 2629 12.alos.
576 2567 763 2645 Scaligcroet
778 2568 840 2626 Elia
852 2568 955 2628 Vineto
965 2569 1127 2648 recognita.
1154 2567 1251 2647 'l'ypis

161 2668 229 2726 Jac.
245 2668 331 2726 Stoer.

202 2794 243 2806 —
262 2760 335 2819 ibid.
350 2759 503 2818 Lectiones
518 2758 694 2817 Ausonianae
706 2758 769 2818 Jos.
783 2757 931 2833 scaligeri.

203 2888 244 2901 -
264 2856 360 2933 Lugd.
380 2855 446 2913 But.
464 2853 509 2913 16.
525 2855 564 2912 D.
579 2853 682 2929 Magni
706 2854 826 2911 Arrionii
847 2850 1061 2929 Burdigalensis
1088 2869 1187 2928 opera,
1212 2871 1248 2910 ea

159 2952 360 3029 recognitione
380 2951 442 3010 los.
458 2948 605 3026 Scaligeri.
636 2949 680 3006 Lx
694 2947 771 3006 offic.
788 2946 978 3016 Plautiniana,
994 2964 1044 3024 op.
1060 2947 1161 3005 Frenc.
1188 2945 1247 3004 lle·

158 3046 358 3126 phelengium.

202 3152 278 3214 1597
299 3141 401 3217 Ejusd.
416 3141 510 3199 Cento
525 3138 670 3214 nuptialis.
705 3137 791 3196 Batou
803 3136 832 3194 in
849 3136 939 3194 lleur.
955 3134 1097 3196 Meibonr.
1111 3133 1246 3212 Virgilio·

158 3249 279 3300 centon.
319 3237 406 3294 Torn.
423 3251 447 3294 1.
465 3234 626 3292 llelnrstad.
641 3243 671 3292 4.

157 3319 161 3324 ’
202 3343 277 3405 1598
300 3331 448 3408 burdigal.
465 3345 520 3389 111.
533 3339 563 3388 4.
586 3347 638 3405 per
658 3329 748 3387 Elium
765 3329 901 3386 Vinctum
919 3335 950 3385 ct
971 3326 1033 3385 los.
1053 3323 1246 3401 Scaligerum.

156 3428 217 3488 Ed.
235 3444 289 3487 111.
303 3428 421 3486 extabat
435 3427 463 3483 in
487 3425 563 3483 Dibl.
585 3424 614 3483 1.
630 3425 663 3483 Ρ.
684 3423 723 3484 de
737 3423 870 3500 Ludwig.
886 3430 961 3481 teste
975 3419 1070 3479 Catul.
1088 3437 1117 3479 u.
1136 3417 1243 3480 12641.

148 3542 226 3600 vquer
238 3523 353 3581 videtur
367 3521 473 3597 fugisse
488 3519 648 3581 suchreum
663 3518 693 3577 in
707 3517 784 3577 Diss.
799 3516 949 3596 premissa
962 3513 1095 3575 Ausonio
1109 3513 1138 3573 in
1155 3533 1240 3572 usum

155 3617 295 3694 Delphini
307 3635 337 3692 p.
352 3630 478 3674 xxxvr.

198 3712 275 3773 1603
297 3712 326 3769 iu
340 3729 420 3785 corp.
437 3715 516 3785 polit.
532 3709 597 3767 Lat.
608 3706 707 3765 Aurel.
721 3705 834 3764 Allobr.
849 3725 914 3764 exc.
929 3705 1007 3763 Sam.
1019 3703 1115 3780 Crisp-
1130 3712 1161 3763 4.

197 3806 274 3867 1604
296 3805 441 3882 Burdigol.
461 3819 504 3862 tv,
520 3811 549 3861 4.
564 3803 603 3861 D.
619 3800 721 3879 Magni
744 3799 868 3858 Ausonii
891 3798 998 3869 omnia,
1012 3816 1079 3876 quae
1099 3796 1240 3856 erlbucirt

159 3904 309 3965 veteribus
324 3899 508 3959 bibliothecis
524 3898 642 3956 inveniri
655 3905 827 3974 potuerunt,
841 3911 941 3971 opera.
981 3890 1093 3950 Adbuc
1106 3891 1239 3966 symma·

153 4001 204 4062 chi
219 4011 248 4061 et
273 3998 369 4058 Pontii
391 3996 505 4055 Paulini
520 3995 611 4056 literae
624 3993 663 4052 ad
686 3991 848 4050 Ausonium
863 3988 988 4062 scriptu,
1003 3989 1062 4042 tum
1077 3983 1237 4056 Ciceronis,

152 4097 306 4173 Sulpiciae,
335 4092 512 4167 aliorumque
539 4086 724 4167 quorundam
749 4095 878 4144 reteruns
903 4078 1064 4141 carminum
1089 4074 1236 4136 nonnulla.
1267 4070 1282 4095 ⁰
