<?xml version="1.0" encoding="UTF-8"?>
<!DOCTYPE html PUBLIC "-//W3C//DTD XHTML 1.0 Transitional//EN"
    "http://www.w3.org/TR/xhtml1/DTD/xhtml1-transitional.dtd">
<html xmlns="http://www.w3.org/1999/xhtml" xml:lang="en" lang="en">
 <head>
  <title>
</title>
<meta http-equiv="Content-Type" content="text/html;charset=utf-8" />
  <meta name='ocr-system' content='tesseract 3.04.00' />
  <meta name='ocr-capabilities' content='ocr_page ocr_carea ocr_par ocr_line ocrx_word'/>
</head>
<body>
  <div class='ocr_page' id='page_1' title='image "./dmagniausoniibu00ausogoog_0274.png"; bbox 0 0 2804 4764; ppageno 0'>
   <div class='ocr_carea' id='block_1_1' title="bbox 446 277 1177 344">
    <p class='ocr_par' dir='ltr' id='par_1_1' title="bbox 446 277 1177 344">
     <span class='ocr_line' id='line_1_1' title="bbox 446 277 1177 344; baseline 0.004 -4"><span class='ocrx_word' id='word_1_1' title='bbox 446 287 603 340; x_wconf 73' lang='lat' dir='ltr'>susumus</span> <span class='ocrx_word' id='word_1_2' title='bbox 627 289 808 340; x_wconf 69' lang='lat' dir='ltr'>antenus.</span> <span class='ocrx_word' id='word_1_3' title='bbox 1090 277 1177 344; x_wconf 78' lang='lat' dir='ltr'>llos</span> 
     </span>
    </p>
   </div>
   <div class='ocr_carea' id='block_1_2' title="bbox 73 426 1211 4202">
    <p class='ocr_par' dir='ltr' id='par_1_2' title="bbox 75 426 1176 485">
     <span class='ocr_line' id='line_1_2' title="bbox 75 426 1176 485; baseline 0.005 -5"><span class='ocrx_word' id='word_1_4' title='bbox 75 426 218 480; x_wconf 58' lang='lat' dir='ltr'>coburim’</span> <span class='ocrx_word' id='word_1_5' title='bbox 236 429 314 479; x_wconf 66' lang='lat' dir='ltr'>idrus</span> <span class='ocrx_word' id='word_1_6' title='bbox 532 470 537 477; x_wconf 91' lang='lat'><em>.</em></span> <span class='ocrx_word' id='word_1_7' title='bbox 646 430 786 481; x_wconf 82' lang='lat' dir='ltr'>itineraria</span> <span class='ocrx_word' id='word_1_8' title='bbox 794 431 916 483; x_wconf 79' lang='lat' dir='ltr'>welseri.</span> <span class='ocrx_word' id='word_1_9' title='bbox 946 432 1176 485; x_wconf 81' lang='lat' dir='ltr'>Diversumetiam</span> 
     </span>
    </p>

    <p class='ocr_par' dir='ltr' id='par_1_3' title="bbox 73 501 1178 1853">
     <span class='ocr_line' id='line_1_3' title="bbox 113 501 1177 574; baseline 0.005 -21"><span class='ocrx_word' id='word_1_10' title='bbox 113 506 180 561; x_wconf 78' lang='lat' dir='ltr'>Qasr</span> <span class='ocrx_word' id='word_1_11' title='bbox 190 502 303 566; x_wconf 67' lang='lat' dir='ltr'>manea]</span> <span class='ocrx_word' id='word_1_12' title='bbox 316 501 410 553; x_wconf 81' lang='lat' dir='ltr'>Franci</span> <span class='ocrx_word' id='word_1_13' title='bbox 420 508 447 552; x_wconf 83' lang='lat' dir='ltr'>et</span> <span class='ocrx_word' id='word_1_14' title='bbox 457 504 610 566; x_wconf 80' lang='lat' dir='ltr'>Chamaves,</span> <span class='ocrx_word' id='word_1_15' title='bbox 647 504 811 555; x_wconf 83' lang='lat' dir='ltr'>Germaniam</span> <span class='ocrx_word' id='word_1_16' title='bbox 831 506 899 556; x_wconf 86' lang='lat' dir='ltr'>iiiam</span> <span class='ocrx_word' id='word_1_17' title='bbox 920 522 936 556; x_wconf 86' lang='lat' dir='ltr'>a</span> <span class='ocrx_word' id='word_1_18' title='bbox 956 507 1042 556; x_wconf 86' lang='lat' dir='ltr'>Gaiiia</span> <span class='ocrx_word' id='word_1_19' title='bbox 1058 508 1177 574; x_wconf 73' lang='lat' dir='ltr'>Belgica,</span> 
     </span>
     <span class='ocr_line' id='line_1_4' title="bbox 76 577 1176 646; baseline 0.005 -18"><span class='ocrx_word' id='word_1_20' title='bbox 76 579 162 645; x_wconf 84' lang='lat' dir='ltr'>quiet</span> <span class='ocrx_word' id='word_1_21' title='bbox 178 577 337 629; x_wconf 75' lang='lat' dir='ltr'>‘Chamavi&#39;</span> <span class='ocrx_word' id='word_1_22' title='bbox 354 578 424 641; x_wconf 90' lang='lat' dir='ltr'>apud</span> <span class='ocrx_word' id='word_1_23' title='bbox 443 580 562 629; x_wconf 77' lang='lat' dir='ltr'>Tacitum</span> <span class='ocrx_word' id='word_1_24' title='bbox 581 588 610 630; x_wconf 89' lang='lat' dir='ltr'>et</span> <span class='ocrx_word' id='word_1_25' title='bbox 646 593 699 643; x_wconf 88' lang='lat' dir='ltr'>qna</span> <span class='ocrx_word' id='word_1_26' title='bbox 719 581 823 631; x_wconf 86' lang='lat' dir='ltr'>Francis</span> <span class='ocrx_word' id='word_1_27' title='bbox 842 591 935 646; x_wconf 88' lang='lat' dir='ltr'>postea</span> <span class='ocrx_word' id='word_1_28' title='bbox 952 589 1009 634; x_wconf 81' lang='lat' dir='ltr'>tuta</span> <span class='ocrx_word' id='word_1_29' title='bbox 1030 585 1119 645; x_wconf 87' lang='lat' dir='ltr'>cessit,</span> <span class='ocrx_word' id='word_1_30' title='bbox 1136 583 1176 634; x_wconf 79' lang='lat' dir='ltr'>fa·</span> 
     </span>
     <span class='ocr_line' id='line_1_5' title="bbox 75 653 1176 719; baseline 0.003 -12"><span class='ocrx_word' id='word_1_31' title='bbox 75 656 243 707; x_wconf 78' lang='lat' dir='ltr'>Ammiauum</span> <span class='ocrx_word' id='word_1_32' title='bbox 255 656 451 719; x_wconf 67' lang='lat' dir='ltr'>ternumque</span> <span class='ocrx_word' id='word_1_33' title='bbox 460 655 609 705; x_wconf 78' lang='lat' dir='ltr'>Germanias</span> <span class='ocrx_word' id='word_1_34' title='bbox 647 653 720 704; x_wconf 85' lang='lat' dir='ltr'>ciunt</span> <span class='ocrx_word' id='word_1_35' title='bbox 728 655 887 708; x_wconf 75' lang='lat' dir='ltr'>Ptolemaeus</span> <span class='ocrx_word' id='word_1_36' title='bbox 897 666 926 708; x_wconf 85' lang='lat' dir='ltr'>et</span> <span class='ocrx_word' id='word_1_37' title='bbox 935 659 1092 710; x_wconf 83' lang='lat' dir='ltr'>Martianus.</span> <span class='ocrx_word' id='word_1_38' title='bbox 1101 660 1176 711; x_wconf 80' lang='lat' dir='ltr'>idrus.</span> 
     </span>
     <span class='ocr_line' id='line_1_6' title="bbox 75 729 1176 794; baseline 0.005 -13"><span class='ocrx_word' id='word_1_39' title='bbox 75 733 140 782; x_wconf 91' lang='lat' dir='ltr'>oiim</span> <span class='ocrx_word' id='word_1_40' title='bbox 149 738 241 793; x_wconf 75' lang='lat' dir='ltr'>gentes</span> <span class='ocrx_word' id='word_1_41' title='bbox 249 729 356 791; x_wconf 83' lang='lat' dir='ltr'>t‘neriut,</span> <span class='ocrx_word' id='word_1_42' title='bbox 363 730 463 780; x_wconf 85' lang='lat' dir='ltr'>Beatus</span> <span class='ocrx_word' id='word_1_43' title='bbox 472 731 609 780; x_wconf 74' lang='grc' dir='ltr'><strong>Βοοοιοοι</strong></span> <span class='ocrx_word' id='word_1_44' title='bbox 679 731 802 794; x_wconf 61' lang='lat' dir='ltr'>benus]</span> <span class='ocrx_word' id='word_1_45' title='bbox 820 733 855 783; x_wconf 79' lang='lat' dir='ltr'>Et</span> <span class='ocrx_word' id='word_1_46' title='bbox 866 734 1015 785; x_wconf 80' lang='lat' dir='ltr'>tremebunt</span> <span class='ocrx_word' id='word_1_47' title='bbox 1032 734 1116 786; x_wconf 81' lang='lat' dir='ltr'>adhuc</span> <span class='ocrx_word' id='word_1_48' title='bbox 1127 736 1176 786; x_wconf 84' lang='lat' dir='ltr'>sub</span> 
     </span>
     <span class='ocr_line' id='line_1_7' title="bbox 73 803 1178 871; baseline 0.003 -13"><span class='ocrx_word' id='word_1_49' title='bbox 73 807 106 858; x_wconf 91' lang='lat' dir='ltr'>in</span> <span class='ocrx_word' id='word_1_50' title='bbox 117 806 277 857; x_wconf 82' lang='lat' dir='ltr'>Germanicis</span> <span class='ocrx_word' id='word_1_51' title='bbox 294 806 403 870; x_wconf 68' lang='lat' dir='ltr'>nutriit,</span> <span class='ocrx_word' id='word_1_52' title='bbox 435 807 470 855; x_wconf 77' lang='lat' dir='ltr'>lit</span> <span class='ocrx_word' id='word_1_53' title='bbox 488 806 557 871; x_wconf 90' lang='lat' dir='ltr'>qnod</span> <span class='ocrx_word' id='word_1_54' title='bbox 576 805 609 855; x_wconf 92' lang='lat' dir='ltr'>ad</span> <span class='ocrx_word' id='word_1_55' title='bbox 647 803 773 867; x_wconf 77' lang='lat' dir='ltr'>Maximo,</span> <span class='ocrx_word' id='word_1_56' title='bbox 781 807 824 871; x_wconf 89' lang='lat' dir='ltr'>qni</span> <span class='ocrx_word' id='word_1_57' title='bbox 833 808 961 859; x_wconf 82' lang='lat' dir='ltr'>Gratiano</span> <span class='ocrx_word' id='word_1_58' title='bbox 971 809 1032 860; x_wconf 84' lang='lat' dir='ltr'>iunio</span> <span class='ocrx_word' id='word_1_59' title='bbox 1041 811 1178 862; x_wconf 80' lang='lat' dir='ltr'>successit.</span> 
     </span>
     <span class='ocr_line' id='line_1_8' title="bbox 77 880 1175 949; baseline 0.005 -17"><span class='ocrx_word' id='word_1_60' title='bbox 77 883 209 933; x_wconf 73' lang='lat' dir='ltr'>Francos</span> <span class='ocrx_word' id='word_1_61' title='bbox 228 881 333 943; x_wconf 78' lang='lat' dir='ltr'>attinet,</span> <span class='ocrx_word' id='word_1_62' title='bbox 347 881 477 944; x_wconf 70' lang='lat' dir='ltr'>persuasit</span> <span class='ocrx_word' id='word_1_63' title='bbox 493 881 554 930; x_wconf 80' lang='lat' dir='ltr'>mihi</span> <span class='ocrx_word' id='word_1_64' title='bbox 565 881 610 930; x_wconf 84' lang='lat' dir='ltr'>Di·</span> <span class='ocrx_word' id='word_1_65' title='bbox 646 880 734 930; x_wconf 78' lang='lat' dir='ltr'>Testis</span> <span class='ocrx_word' id='word_1_66' title='bbox 752 881 864 932; x_wconf 90' lang='lat' dir='ltr'>Orosius</span> <span class='ocrx_word' id='word_1_67' title='bbox 883 884 928 935; x_wconf 84' lang='lat' dir='ltr'>lib.</span> <span class='ocrx_word' id='word_1_68' title='bbox 947 898 998 935; x_wconf 84' lang='lat' dir='ltr'>utt.</span> <span class='ocrx_word' id='word_1_69' title='bbox 1017 899 1073 949; x_wconf 88' lang='lat' dir='ltr'>cap.</span> <span class='ocrx_word' id='word_1_70' title='bbox 1086 899 1175 937; x_wconf 84' lang='lat' dir='ltr'>xxxv.</span> 
     </span>
     <span class='ocr_line' id='line_1_9' title="bbox 76 957 1177 1025; baseline 0.004 -17"><span class='ocrx_word' id='word_1_71' title='bbox 76 972 126 1009; x_wconf 80' lang='lat' dir='ltr'>uns</span> <span class='ocrx_word' id='word_1_72' title='bbox 143 958 317 1021; x_wconf 71' lang='lat' dir='ltr'>Hieronymus</span> <span class='ocrx_word' id='word_1_73' title='bbox 334 965 426 1007; x_wconf 85' lang='lat' dir='ltr'>auctor</span> <span class='ocrx_word' id='word_1_74' title='bbox 437 957 612 1021; x_wconf 74' lang='lat' dir='ltr'>gravissimus,</span> <span class='ocrx_word' id='word_1_75' title='bbox 647 960 776 1020; x_wconf 61' lang='lat' dir='ltr'>peponi.</span> <span class='ocrx_word' id='word_1_76' title='bbox 808 958 859 1008; x_wconf 78' lang='lat' dir='ltr'>Sed</span> <span class='ocrx_word' id='word_1_77' title='bbox 875 973 926 1009; x_wconf 90' lang='lat' dir='ltr'>nou</span> <span class='ocrx_word' id='word_1_78' title='bbox 943 960 989 1010; x_wconf 89' lang='lat' dir='ltr'>diu</span> <span class='ocrx_word' id='word_1_79' title='bbox 1005 968 1073 1025; x_wconf 88' lang='lat' dir='ltr'>post.</span> <span class='ocrx_word' id='word_1_80' title='bbox 1107 963 1177 1012; x_wconf 82' lang='lat' dir='ltr'>Nem</span> 
     </span>
     <span class='ocr_line' id='line_1_10' title="bbox 77 1031 1177 1099; baseline 0.005 -17"><span class='ocrx_word' id='word_1_81' title='bbox 77 1034 126 1099; x_wconf 82' lang='lat' dir='ltr'>qui</span> <span class='ocrx_word' id='word_1_82' title='bbox 152 1047 230 1097; x_wconf 88' lang='lat' dir='ltr'>quum</span> <span class='ocrx_word' id='word_1_83' title='bbox 256 1032 421 1082; x_wconf 84' lang='lat' dir='ltr'>Germaniam</span> <span class='ocrx_word' id='word_1_84' title='bbox 447 1031 610 1096; x_wconf 81' lang='lat' dir='ltr'>Galliamque</span> <span class='ocrx_word' id='word_1_85' title='bbox 647 1032 685 1081; x_wconf 86' lang='lat' dir='ltr'>ita</span> <span class='ocrx_word' id='word_1_86' title='bbox 705 1032 808 1095; x_wconf 86' lang='lat' dir='ltr'>quidem</span> <span class='ocrx_word' id='word_1_87' title='bbox 830 1041 985 1099; x_wconf 84' lang='lat' dir='ltr'>perpetuum</span> <span class='ocrx_word' id='word_1_88' title='bbox 1007 1037 1177 1088; x_wconf 82' lang='lat' dir='ltr'>uictoriarum</span> 
     </span>
     <span class='ocr_line' id='line_1_11' title="bbox 77 1107 1177 1173; baseline 0.006 -17"><span class='ocrx_word' id='word_1_89' title='bbox 77 1107 289 1173; x_wconf 72' lang='lat' dir='ltr'>perlustraverit,</span> <span class='ocrx_word' id='word_1_90' title='bbox 307 1107 374 1157; x_wconf 83' lang='lat' dir='ltr'>hauc</span> <span class='ocrx_word' id='word_1_91' title='bbox 395 1112 499 1171; x_wconf 72' lang='lat' dir='ltr'>pentem</span> <span class='ocrx_word' id='word_1_92' title='bbox 517 1107 569 1155; x_wconf 88' lang='lat' dir='ltr'>sois</span> <span class='ocrx_word' id='word_1_93' title='bbox 584 1107 610 1156; x_wconf 91' lang='lat' dir='ltr'>in</span> <span class='ocrx_word' id='word_1_94' title='bbox 649 1121 750 1157; x_wconf 87' lang='lat' dir='ltr'>currum</span> <span class='ocrx_word' id='word_1_95' title='bbox 762 1109 892 1159; x_wconf 88' lang='lat' dir='ltr'>ominatur</span> <span class='ocrx_word' id='word_1_96' title='bbox 904 1110 1048 1162; x_wconf 77' lang='lat' dir='ltr'>Ausonius:</span> <span class='ocrx_word' id='word_1_97' title='bbox 1066 1113 1177 1163; x_wconf 88' lang='lat' dir='ltr'>sediou·</span> 
     </span>
     <span class='ocr_line' id='line_1_12' title="bbox 77 1182 1177 1246; baseline 0.005 -13"><span class='ocrx_word' id='word_1_98' title='bbox 77 1183 185 1233; x_wconf 85' lang='lat' dir='ltr'>sedibus</span> <span class='ocrx_word' id='word_1_99' title='bbox 199 1182 293 1231; x_wconf 79' lang='lat' dir='ltr'>vidisse</span> <span class='ocrx_word' id='word_1_100' title='bbox 305 1189 403 1245; x_wconf 87' lang='lat' dir='ltr'>potest,</span> <span class='ocrx_word' id='word_1_101' title='bbox 419 1183 532 1232; x_wconf 77' lang='lat' dir='ltr'>Francos</span> <span class='ocrx_word' id='word_1_102' title='bbox 543 1196 610 1245; x_wconf 89' lang='lat' dir='ltr'>esse,</span> <span class='ocrx_word' id='word_1_103' title='bbox 648 1196 680 1246; x_wconf 74' lang='lat' dir='ltr'>ge</span> <span class='ocrx_word' id='word_1_104' title='bbox 697 1182 775 1233; x_wconf 84' lang='lat' dir='ltr'>ulitur</span> <span class='ocrx_word' id='word_1_105' title='bbox 785 1186 881 1234; x_wconf 76' lang='lat' dir='ltr'>euenit.</span> <span class='ocrx_word' id='word_1_106' title='bbox 916 1185 977 1236; x_wconf 85' lang='lat' dir='ltr'>Non</span> <span class='ocrx_word' id='word_1_107' title='bbox 987 1188 1096 1236; x_wconf 84' lang='lat' dir='ltr'>muitum</span> <span class='ocrx_word' id='word_1_108' title='bbox 1106 1187 1177 1239; x_wconf 88' lang='lat' dir='ltr'>enim</span> 
     </span>
     <span class='ocr_line' id='line_1_13' title="bbox 78 1255 1176 1324; baseline 0.005 -17"><span class='ocrx_word' id='word_1_109' title='bbox 78 1272 147 1324; x_wconf 81' lang='lat' dir='ltr'>quos</span> <span class='ocrx_word' id='word_1_110' title='bbox 181 1257 283 1307; x_wconf 76' lang='lat' dir='ltr'>Latium</span> <span class='ocrx_word' id='word_1_111' title='bbox 310 1257 463 1320; x_wconf 70' lang='lat' dir='ltr'>(imumque</span> <span class='ocrx_word' id='word_1_112' title='bbox 496 1255 610 1306; x_wconf 77' lang='lat' dir='ltr'>huruuua</span> <span class='ocrx_word' id='word_1_113' title='bbox 648 1263 707 1322; x_wconf 91' lang='lat' dir='ltr'>port</span> <span class='ocrx_word' id='word_1_114' title='bbox 728 1259 829 1310; x_wconf 80' lang='lat' dir='ltr'>inversa</span> <span class='ocrx_word' id='word_1_115' title='bbox 847 1262 942 1323; x_wconf 87' lang='lat' dir='ltr'>omnis,</span> <span class='ocrx_word' id='word_1_116' title='bbox 957 1268 986 1312; x_wconf 92' lang='lat' dir='ltr'>et</span> <span class='ocrx_word' id='word_1_117' title='bbox 1000 1262 1093 1312; x_wconf 80' lang='lat' dir='ltr'>Franci</span> <span class='ocrx_word' id='word_1_118' title='bbox 1110 1263 1176 1314; x_wconf 87' lang='lat' dir='ltr'>irru-</span> 
     </span>
     <span class='ocr_line' id='line_1_14' title="bbox 78 1332 1178 1400; baseline 0.005 -17"><span class='ocrx_word' id='word_1_119' title='bbox 78 1334 226 1384; x_wconf 81' lang='lat' dir='ltr'>Germeuus</span> <span class='ocrx_word' id='word_1_120' title='bbox 247 1333 317 1395; x_wconf 88' lang='lat' dir='ltr'>prius</span> <span class='ocrx_word' id='word_1_121' title='bbox 344 1332 517 1396; x_wconf 80' lang='lat' dir='ltr'>appellarunt.</span> <span class='ocrx_word' id='word_1_122' title='bbox 549 1333 612 1396; x_wconf 84' lang='lat' dir='ltr'>Ejus</span> <span class='ocrx_word' id='word_1_123' title='bbox 649 1347 727 1396; x_wconf 86' lang='lat' dir='ltr'>pere:</span> <span class='ocrx_word' id='word_1_124' title='bbox 745 1343 773 1383; x_wconf 90' lang='lat' dir='ltr'>ot</span> <span class='ocrx_word' id='word_1_125' title='bbox 783 1335 855 1385; x_wconf 85' lang='lat' dir='ltr'>loeus</span> <span class='ocrx_word' id='word_1_126' title='bbox 864 1336 972 1400; x_wconf 70' lang='lat' dir='ltr'>sulpitii</span> <span class='ocrx_word' id='word_1_127' title='bbox 981 1337 1123 1388; x_wconf 80' lang='lat' dir='ltr'>Alexandri</span> <span class='ocrx_word' id='word_1_128' title='bbox 1134 1353 1178 1388; x_wconf 87' lang='lat' dir='ltr'>re·</span> 
     </span>
     <span class='ocr_line' id='line_1_15' title="bbox 79 1406 1175 1478; baseline 0.005 -19"><span class='ocrx_word' id='word_1_129' title='bbox 79 1423 210 1473; x_wconf 85' lang='lat' dir='ltr'>apponam</span> <span class='ocrx_word' id='word_1_130' title='bbox 218 1408 299 1457; x_wconf 84' lang='lat' dir='ltr'>verba</span> <span class='ocrx_word' id='word_1_131' title='bbox 307 1408 340 1457; x_wconf 91' lang='lat' dir='ltr'>de</span> <span class='ocrx_word' id='word_1_132' title='bbox 352 1406 463 1471; x_wconf 84' lang='lat' dir='ltr'>quodum</span> <span class='ocrx_word' id='word_1_133' title='bbox 474 1408 575 1457; x_wconf 83' lang='lat' dir='ltr'>Franco</span> <span class='ocrx_word' id='word_1_134' title='bbox 585 1407 612 1456; x_wconf 90' lang='lat' dir='ltr'>in</span> <span class='ocrx_word' id='word_1_135' title='bbox 648 1409 711 1458; x_wconf 87' lang='lat' dir='ltr'>teris</span> <span class='ocrx_word' id='word_1_136' title='bbox 729 1409 865 1476; x_wconf 81' lang='lat' dir='ltr'>Historici,</span> <span class='ocrx_word' id='word_1_137' title='bbox 880 1412 949 1477; x_wconf 89' lang='lat' dir='ltr'>apud</span> <span class='ocrx_word' id='word_1_138' title='bbox 969 1413 1175 1478; x_wconf 60' lang='lat' dir='ltr'>&amp;eguminum</span> 
     </span>
     <span class='ocr_line' id='line_1_16' title="bbox 78 1482 1174 1553; baseline 0.006 -20"><span class='ocrx_word' id='word_1_139' title='bbox 78 1482 611 1534; x_wconf 72' lang='lat' dir='ltr'>vitariitarioniannnncni:⁴1nte18ax·</span> <span class='ocrx_word' id='word_1_140' title='bbox 648 1498 721 1534; x_wconf 86' lang='lat' dir='ltr'>neus.</span> <span class='ocrx_word' id='word_1_141' title='bbox 743 1487 814 1535; x_wconf 87' lang='lat' dir='ltr'>clare</span> <span class='ocrx_word' id='word_1_142' title='bbox 835 1487 922 1547; x_wconf 81' lang='lat' dir='ltr'>docet,</span> <span class='ocrx_word' id='word_1_143' title='bbox 946 1488 989 1553; x_wconf 86' lang='lat' dir='ltr'>qni</span> <span class='ocrx_word' id='word_1_144' title='bbox 1018 1489 1057 1538; x_wconf 88' lang='lat' dir='ltr'>ita</span> <span class='ocrx_word' id='word_1_145' title='bbox 1082 1489 1174 1540; x_wconf 78' lang='lat' dir='ltr'>hebet:</span> 
     </span>
     <span class='ocr_line' id='line_1_17' title="bbox 78 1557 1177 1626; baseline 0.004 -17"><span class='ocrx_word' id='word_1_146' title='bbox 78 1573 145 1609; x_wconf 93' lang='lat' dir='ltr'>ones</span> <span class='ocrx_word' id='word_1_147' title='bbox 156 1559 253 1623; x_wconf 80' lang='lat' dir='ltr'>qnippe</span> <span class='ocrx_word' id='word_1_148' title='bbox 270 1564 297 1606; x_wconf 89' lang='lat' dir='ltr'>et</span> <span class='ocrx_word' id='word_1_149' title='bbox 313 1557 469 1607; x_wconf 81' lang='lat' dir='ltr'>Alemanuoa</span> <span class='ocrx_word' id='word_1_150' title='bbox 479 1571 543 1620; x_wconf 77' lang='lat' dir='ltr'>gens</span> <span class='ocrx_word' id='word_1_151' title='bbox 554 1558 611 1620; x_wconf 88' lang='lat' dir='ltr'>ejus</span> <span class='ocrx_word' id='word_1_152' title='bbox 647 1562 713 1610; x_wconf 77' lang='lat' dir='ltr'>‘Eo</span> <span class='ocrx_word' id='word_1_153' title='bbox 744 1567 861 1625; x_wconf 90' lang='lat' dir='ltr'>tempure</span> <span class='ocrx_word' id='word_1_154' title='bbox 887 1562 1049 1626; x_wconf 83' lang='lat' dir='ltr'>Genobaldo,</span> <span class='ocrx_word' id='word_1_155' title='bbox 1071 1564 1177 1613; x_wconf 82' lang='lat' dir='ltr'>Marco·</span> 
     </span>
     <span class='ocr_line' id='line_1_18' title="bbox 79 1631 1177 1699; baseline 0.003 -14"><span class='ocrx_word' id='word_1_156' title='bbox 79 1650 133 1685; x_wconf 90' lang='lat' dir='ltr'>nun</span> <span class='ocrx_word' id='word_1_157' title='bbox 159 1642 212 1684; x_wconf 90' lang='lat' dir='ltr'>tam</span> <span class='ocrx_word' id='word_1_158' title='bbox 237 1635 301 1695; x_wconf 88' lang='lat' dir='ltr'>lata,</span> <span class='ocrx_word' id='word_1_159' title='bbox 327 1648 404 1699; x_wconf 84' lang='lat' dir='ltr'>quam</span> <span class='ocrx_word' id='word_1_160' title='bbox 430 1632 524 1693; x_wconf 74' lang='lat' dir='ltr'>auida,</span> <span class='ocrx_word' id='word_1_161' title='bbox 541 1631 611 1696; x_wconf 79' lang='lat' dir='ltr'>apud</span> <span class='ocrx_word' id='word_1_162' title='bbox 647 1649 729 1696; x_wconf 84' lang='lat' dir='ltr'>mere,</span> <span class='ocrx_word' id='word_1_163' title='bbox 746 1642 773 1684; x_wconf 91' lang='lat' dir='ltr'>et</span> <span class='ocrx_word' id='word_1_164' title='bbox 789 1638 910 1687; x_wconf 77' lang='lat' dir='ltr'>sunnone</span> <span class='ocrx_word' id='word_1_165' title='bbox 924 1637 1034 1689; x_wconf 85' lang='lat' dir='ltr'>ducibus</span> <span class='ocrx_word' id='word_1_166' title='bbox 1046 1639 1139 1689; x_wconf 79' lang='lat' dir='ltr'>Franci</span> <span class='ocrx_word' id='word_1_167' title='bbox 1150 1640 1177 1688; x_wconf 83' lang='lat' dir='ltr'>in</span> 
     </span>
     <span class='ocr_line' id='line_1_19' title="bbox 78 1708 1177 1777; baseline 0.003 -18"><span class='ocrx_word' id='word_1_168' title='bbox 78 1708 610 1766; x_wconf 78' lang='lat' dir='ltr'>HistoricosGermania,unncueroFrsu·</span> <span class='ocrx_word' id='word_1_169' title='bbox 649 1710 814 1761; x_wconf 84' lang='lat' dir='ltr'>Geunnuiarn</span> <span class='ocrx_word' id='word_1_170' title='bbox 847 1712 972 1776; x_wconf 82' lang='lat' dir='ltr'>irrupere,</span> <span class='ocrx_word' id='word_1_171' title='bbox 999 1728 1031 1763; x_wconf 88' lang='lat' dir='ltr'>ac</span> <span class='ocrx_word' id='word_1_172' title='bbox 1060 1713 1177 1777; x_wconf 75' lang='lat' dir='ltr'>pluribus</span> 
     </span>
     <span class='ocr_line' id='line_1_20' title="bbox 79 1783 1175 1853; baseline 0.002 -18"><span class='ocrx_word' id='word_1_173' title='bbox 79 1785 123 1836; x_wconf 87' lang='lat' dir='ltr'>cia</span> <span class='ocrx_word' id='word_1_174' title='bbox 134 1783 260 1834; x_wconf 67' lang='lat' dir='ltr'>vocatur!</span> <span class='ocrx_word' id='word_1_175' title='bbox 280 1784 386 1835; x_wconf 79' lang='lat' dir='ltr'>Visetur.</span> <span class='ocrx_word' id='word_1_176' title='bbox 648 1787 794 1836; x_wconf 81' lang='lat' dir='ltr'>mortalium</span> <span class='ocrx_word' id='word_1_177' title='bbox 813 1787 896 1837; x_wconf 82' lang='lat' dir='ltr'>limite</span> <span class='ocrx_word' id='word_1_178' title='bbox 907 1789 1013 1853; x_wconf 88' lang='lat' dir='ltr'>inrupto</span> <span class='ocrx_word' id='word_1_179' title='bbox 1031 1789 1105 1839; x_wconf 73' lang='lat' dir='ltr'>cesis</span> <span class='ocrx_word' id='word_1_180' title='bbox 1123 1788 1175 1838; x_wconf 78' lang='lat' dir='ltr'>ser-</span> 
     </span>
    </p>

    <p class='ocr_par' dir='ltr' id='par_1_4' title="bbox 79 1856 1179 3134">
     <span class='ocr_line' id='line_1_21' title="bbox 119 1856 1178 1928; baseline 0.004 -19"><span class='ocrx_word' id='word_1_181' title='bbox 119 1861 185 1916; x_wconf 76' lang='lat' dir='ltr'>Qtrus</span> <span class='ocrx_word' id='word_1_182' title='bbox 204 1860 308 1909; x_wconf 78' lang='lat' dir='ltr'>Francia</span> <span class='ocrx_word' id='word_1_183' title='bbox 326 1859 440 1923; x_wconf 66' lang='lat' dir='ltr'>meque]</span> <span class='ocrx_word' id='word_1_184' title='bbox 458 1856 542 1908; x_wconf 83' lang='lat' dir='ltr'>Unice</span> <span class='ocrx_word' id='word_1_185' title='bbox 560 1858 610 1907; x_wconf 81' lang='lat' dir='ltr'>ine</span> <span class='ocrx_word' id='word_1_186' title='bbox 648 1861 707 1910; x_wconf 90' lang='lat' dir='ltr'>tiies</span> <span class='ocrx_word' id='word_1_187' title='bbox 714 1861 825 1911; x_wconf 86' lang='lat' dir='ltr'>maxime</span> <span class='ocrx_word' id='word_1_188' title='bbox 832 1863 1178 1928; x_wconf 71' lang='lat' dir='ltr'>pagosdepupuiati,Agrip·</span> 
     </span>
     <span class='ocr_line' id='line_1_22' title="bbox 79 1933 1177 2000; baseline 0.003 -16"><span class='ocrx_word' id='word_1_189' title='bbox 79 1933 147 1985; x_wconf 77' lang='lat' dir='ltr'>iacit</span> <span class='ocrx_word' id='word_1_190' title='bbox 157 1934 294 1998; x_wconf 86' lang='lat' dir='ltr'>inspectio</span> <span class='ocrx_word' id='word_1_191' title='bbox 306 1934 402 1983; x_wconf 77' lang='lat' dir='ltr'>tabnioe</span> <span class='ocrx_word' id='word_1_192' title='bbox 419 1935 489 1983; x_wconf 84' lang='lat' dir='ltr'>iilius</span> <span class='ocrx_word' id='word_1_193' title='bbox 499 1933 610 1983; x_wconf 88' lang='lat' dir='ltr'>Itinera·</span> <span class='ocrx_word' id='word_1_194' title='bbox 648 1936 749 2000; x_wconf 87' lang='lat' dir='ltr'>pinensi</span> <span class='ocrx_word' id='word_1_195' title='bbox 758 1938 837 1986; x_wconf 88' lang='lat' dir='ltr'>etiam</span> <span class='ocrx_word' id='word_1_196' title='bbox 853 1937 968 1986; x_wconf 74' lang='lat' dir='ltr'>Ceionius</span> <span class='ocrx_word' id='word_1_197' title='bbox 976 1945 1074 1987; x_wconf 87' lang='lat' dir='ltr'>metum</span> <span class='ocrx_word' id='word_1_198' title='bbox 1092 1939 1177 1989; x_wconf 89' lang='lat' dir='ltr'>inens·</span> 
     </span>
     <span class='ocr_line' id='line_1_23' title="bbox 79 2010 1176 2078; baseline 0.004 -17"><span class='ocrx_word' id='word_1_199' title='bbox 79 2012 145 2061; x_wconf 68' lang='lat' dir='ltr'>rim:</span> <span class='ocrx_word' id='word_1_200' title='bbox 163 2012 188 2060; x_wconf 91' lang='lat' dir='ltr'>iu</span> <span class='ocrx_word' id='word_1_201' title='bbox 205 2011 280 2073; x_wconf 87' lang='lat' dir='ltr'>cnjus</span> <span class='ocrx_word' id='word_1_202' title='bbox 297 2011 461 2075; x_wconf 85' lang='lat' dir='ltr'>expositione</span> <span class='ocrx_word' id='word_1_203' title='bbox 474 2010 611 2059; x_wconf 84' lang='lat' dir='ltr'>bellissime</span> <span class='ocrx_word' id='word_1_204' title='bbox 648 2027 715 2062; x_wconf 84' lang='lat' dir='ltr'>sere.</span> <span class='ocrx_word' id='word_1_205' title='bbox 749 2013 825 2065; x_wconf 79' lang='lat' dir='ltr'>Quod</span> <span class='ocrx_word' id='word_1_206' title='bbox 844 2013 889 2062; x_wconf 87' lang='lat' dir='ltr'>nbi</span> <span class='ocrx_word' id='word_1_207' title='bbox 902 2014 1031 2063; x_wconf 75' lang='lat' dir='ltr'>Treveros</span> <span class='ocrx_word' id='word_1_208' title='bbox 1048 2015 1176 2078; x_wconf 78' lang='lat' dir='ltr'>perlatum</span> 
     </span>
     <span class='ocr_line' id='line_1_24' title="bbox 79 2086 1175 2151; baseline 0.003 -15"><span class='ocrx_word' id='word_1_209' title='bbox 79 2087 151 2136; x_wconf 78' lang='lat' dir='ltr'>hune</span> <span class='ocrx_word' id='word_1_210' title='bbox 166 2087 251 2136; x_wconf 87' lang='lat' dir='ltr'>iocum</span> <span class='ocrx_word' id='word_1_211' title='bbox 266 2086 383 2148; x_wconf 75' lang='lat' dir='ltr'>adducit,</span> <span class='ocrx_word' id='word_1_212' title='bbox 400 2093 427 2135; x_wconf 92' lang='lat' dir='ltr'>et</span> <span class='ocrx_word' id='word_1_213' title='bbox 443 2087 555 2135; x_wconf 80' lang='lat' dir='ltr'>illustrat</span> <span class='ocrx_word' id='word_1_214' title='bbox 573 2087 610 2135; x_wconf 88' lang='lat' dir='ltr'>D.</span> <span class='ocrx_word' id='word_1_215' title='bbox 648 2094 698 2151; x_wconf 87' lang='lat' dir='ltr'>est,</span> <span class='ocrx_word' id='word_1_216' title='bbox 722 2088 838 2138; x_wconf 76' lang='lat' dir='ltr'>Nunnius</span> <span class='ocrx_word' id='word_1_217' title='bbox 859 2096 889 2139; x_wconf 87' lang='lat' dir='ltr'>et</span> <span class='ocrx_word' id='word_1_218' title='bbox 909 2088 1048 2142; x_wconf 79' lang='lat' dir='ltr'>Quintium</span> <span class='ocrx_word' id='word_1_219' title='bbox 1075 2089 1175 2139; x_wconf 73' lang='lat' dir='ltr'>milities</span> 
     </span>
     <span class='ocr_line' id='line_1_25' title="bbox 79 2161 1179 2226; baseline 0.002 -14"><span class='ocrx_word' id='word_1_220' title='bbox 79 2164 167 2213; x_wconf 75' lang='lat' dir='ltr'>Marc.</span> <span class='ocrx_word' id='word_1_221' title='bbox 185 2163 316 2211; x_wconf 83' lang='lat' dir='ltr'>Weirerus</span> <span class='ocrx_word' id='word_1_222' title='bbox 336 2176 394 2225; x_wconf 88' lang='lat' dir='ltr'>cap.</span> <span class='ocrx_word' id='word_1_223' title='bbox 409 2176 452 2211; x_wconf 89' lang='lat' dir='ltr'>ru.</span> <span class='ocrx_word' id='word_1_224' title='bbox 467 2162 510 2210; x_wconf 90' lang='lat' dir='ltr'>cni</span> <span class='ocrx_word' id='word_1_225' title='bbox 528 2161 611 2210; x_wconf 83' lang='lat' dir='ltr'>‘Bar-</span> <span class='ocrx_word' id='word_1_226' title='bbox 648 2163 775 2225; x_wconf 72' lang='lat' dir='ltr'>magistri,</span> <span class='ocrx_word' id='word_1_227' title='bbox 784 2162 878 2226; x_wconf 86' lang='lat' dir='ltr'>quibus</span> <span class='ocrx_word' id='word_1_228' title='bbox 890 2161 1027 2212; x_wconf 75' lang='lat' dir='ltr'>infantiam</span> <span class='ocrx_word' id='word_1_229' title='bbox 1037 2162 1085 2213; x_wconf 87' lang='lat' dir='ltr'>filii</span> <span class='ocrx_word' id='word_1_230' title='bbox 1095 2170 1124 2212; x_wconf 90' lang='lat' dir='ltr'>et</span> <span class='ocrx_word' id='word_1_231' title='bbox 1133 2163 1179 2214; x_wconf 90' lang='lat' dir='ltr'>de·</span> 
     </span>
     <span class='ocr_line' id='line_1_26' title="bbox 80 2236 1178 2290; baseline 0.001 -1"><span class='ocrx_word' id='word_1_232' title='bbox 80 2237 186 2289; x_wconf 74' lang='lat' dir='ltr'>badca&#39;</span> <span class='ocrx_word' id='word_1_233' title='bbox 203 2238 306 2288; x_wconf 88' lang='lat' dir='ltr'>titulum</span> <span class='ocrx_word' id='word_1_234' title='bbox 316 2237 389 2288; x_wconf 87' lang='lat' dir='ltr'>i&#39;ecit.</span> <span class='ocrx_word' id='word_1_235' title='bbox 421 2236 498 2287; x_wconf 85' lang='lat' dir='ltr'>Addo</span> <span class='ocrx_word' id='word_1_236' title='bbox 510 2244 611 2286; x_wconf 70' lang='lat' dir='ltr'>umen:</span> <span class='ocrx_word' id='word_1_237' title='bbox 648 2238 792 2289; x_wconf 78' lang='lat' dir='ltr'>sensionem</span> <span class='ocrx_word' id='word_1_238' title='bbox 803 2239 944 2289; x_wconf 80' lang='lat' dir='ltr'>Galliarum</span> <span class='ocrx_word' id='word_1_239' title='bbox 962 2239 1092 2290; x_wconf 82' lang='lat' dir='ltr'>Maximus</span> <span class='ocrx_word' id='word_1_240' title='bbox 1108 2254 1178 2290; x_wconf 84' lang='lat' dir='ltr'>cetu·</span> 
     </span>
     <span class='ocr_line' id='line_1_27' title="bbox 79 2314 1177 2380; baseline -0.001 -14"><span class='ocrx_word' id='word_1_241' title='bbox 79 2315 195 2366; x_wconf 82' lang='lat' dir='ltr'>Diversa</span> <span class='ocrx_word' id='word_1_242' title='bbox 206 2321 274 2374; x_wconf 89' lang='lat' dir='ltr'>snnt,</span> <span class='ocrx_word' id='word_1_243' title='bbox 284 2314 420 2375; x_wconf 69' lang='lat' dir='ltr'>mucis,</span> <span class='ocrx_word' id='word_1_244' title='bbox 431 2320 460 2363; x_wconf 94' lang='lat' dir='ltr'>et</span> <span class='ocrx_word' id='word_1_245' title='bbox 468 2314 613 2373; x_wconf 75' lang='lat' dir='ltr'>caussari,</span> <span class='ocrx_word' id='word_1_246' title='bbox 649 2315 763 2376; x_wconf 84' lang='lat' dir='ltr'>miserat,</span> <span class='ocrx_word' id='word_1_247' title='bbox 796 2315 907 2365; x_wconf 85' lang='lat' dir='ltr'>soiiectu</span> <span class='ocrx_word' id='word_1_248' title='bbox 948 2316 1066 2365; x_wconf 85' lang='lat' dir='ltr'>exercitu</span> <span class='ocrx_word' id='word_1_249' title='bbox 1107 2315 1177 2380; x_wconf 87' lang='lat' dir='ltr'>apud</span> 
     </span>
     <span class='ocr_line' id='line_1_28' title="bbox 80 2389 1179 2454; baseline -0.002 -11"><span class='ocrx_word' id='word_1_250' title='bbox 80 2393 162 2443; x_wconf 84' lang='lat' dir='ltr'>etism</span> <span class='ocrx_word' id='word_1_251' title='bbox 174 2393 200 2443; x_wconf 89' lang='lat' dir='ltr'>in</span> <span class='ocrx_word' id='word_1_252' title='bbox 212 2392 372 2442; x_wconf 84' lang='lat' dir='ltr'>tabuieiiia:</span> <span class='ocrx_word' id='word_1_253' title='bbox 390 2393 454 2441; x_wconf 85' lang='lat' dir='ltr'>ethi</span> <span class='ocrx_word' id='word_1_254' title='bbox 465 2389 613 2452; x_wconf 73' lang='lat' dir='ltr'>inferiores,</span> <span class='ocrx_word' id='word_1_255' title='bbox 650 2390 823 2454; x_wconf 76' lang='lat' dir='ltr'>Agrippinam</span> <span class='ocrx_word' id='word_1_256' title='bbox 837 2404 992 2441; x_wconf 84' lang='lat' dir='ltr'>contenere.</span> <span class='ocrx_word' id='word_1_257' title='bbox 1024 2389 1076 2441; x_wconf 80' lang='lat' dir='ltr'>Sed</span> <span class='ocrx_word' id='word_1_258' title='bbox 1092 2391 1179 2441; x_wconf 84' lang='lat' dir='ltr'>unueti</span> 
     </span>
     <span class='ocr_line' id='line_1_29' title="bbox 80 2465 1178 2532; baseline 0 -16"><span class='ocrx_word' id='word_1_259' title='bbox 80 2475 112 2517; x_wconf 92' lang='lat' dir='ltr'>ut</span> <span class='ocrx_word' id='word_1_260' title='bbox 135 2465 172 2517; x_wconf 90' lang='lat' dir='ltr'>ibi</span> <span class='ocrx_word' id='word_1_261' title='bbox 194 2474 312 2532; x_wconf 82' lang='lat' dir='ltr'>apparet.</span> <span class='ocrx_word' id='word_1_262' title='bbox 357 2466 474 2528; x_wconf 69' lang='grc' dir='ltr'>Χάμοβοι,</span> <span class='ocrx_word' id='word_1_263' title='bbox 492 2465 615 2528; x_wconf 73' lang='lat' dir='ltr'>Ettagrio,</span> <span class='ocrx_word' id='word_1_264' title='bbox 649 2465 738 2529; x_wconf 83' lang='lat' dir='ltr'>praeda</span> <span class='ocrx_word' id='word_1_265' title='bbox 756 2466 853 2524; x_wconf 79' lang='lat' dir='ltr'>hostes,</span> <span class='ocrx_word' id='word_1_266' title='bbox 880 2465 1071 2530; x_wconf 86' lang='lat' dir='ltr'>prorineiarum</span> <span class='ocrx_word' id='word_1_267' title='bbox 1091 2466 1178 2530; x_wconf 85' lang='lat' dir='ltr'>opima</span> 
     </span>
     <span class='ocr_line' id='line_1_30' title="bbox 81 2540 1179 2607; baseline 0 -15"><span class='ocrx_word' id='word_1_268' title='bbox 81 2543 197 2602; x_wconf 78' lang='lat' dir='ltr'>zosimo,</span> <span class='ocrx_word' id='word_1_269' title='bbox 214 2557 278 2607; x_wconf 74' lang='lat' dir='ltr'>gens</span> <span class='ocrx_word' id='word_1_270' title='bbox 300 2541 332 2592; x_wconf 90' lang='lat' dir='ltr'>ad</span> <span class='ocrx_word' id='word_1_271' title='bbox 352 2542 419 2592; x_wconf 86' lang='lat' dir='ltr'>ostia</span> <span class='ocrx_word' id='word_1_272' title='bbox 438 2540 533 2601; x_wconf 81' lang='lat' dir='ltr'>Rheni,</span> <span class='ocrx_word' id='word_1_273' title='bbox 552 2555 613 2604; x_wconf 73' lang='lat' dir='ltr'>pag.</span> <span class='ocrx_word' id='word_1_274' title='bbox 649 2541 810 2605; x_wconf 82' lang='lat' dir='ltr'>depopulati,</span> <span class='ocrx_word' id='word_1_275' title='bbox 820 2540 940 2591; x_wconf 84' lang='lat' dir='ltr'>Rhenum</span> <span class='ocrx_word' id='word_1_276' title='bbox 952 2542 1087 2603; x_wconf 87' lang='lat' dir='ltr'>transiere,</span> <span class='ocrx_word' id='word_1_277' title='bbox 1097 2542 1179 2604; x_wconf 85' lang='lat' dir='ltr'>pinri-</span> 
     </span>
     <span class='ocr_line' id='line_1_31' title="bbox 81 2616 1178 2682; baseline -0.003 -14"><span class='ocrx_word' id='word_1_278' title='bbox 81 2622 142 2668; x_wconf 71' lang='grc'><strong>709.</strong></span> <span class='ocrx_word' id='word_1_279' title='bbox 173 2618 284 2666; x_wconf 83' lang='lat' dir='ltr'>Francia</span> <span class='ocrx_word' id='word_1_280' title='bbox 303 2617 454 2682; x_wconf 78' lang='lat' dir='ltr'>pertinebat</span> <span class='ocrx_word' id='word_1_281' title='bbox 464 2616 497 2664; x_wconf 86' lang='lat' dir='ltr'>ad</span> <span class='ocrx_word' id='word_1_282' title='bbox 508 2617 615 2677; x_wconf 82' lang='lat' dir='ltr'>Suevos,</span> <span class='ocrx_word' id='word_1_283' title='bbox 650 2616 698 2666; x_wconf 88' lang='lat' dir='ltr'>bns</span> <span class='ocrx_word' id='word_1_284' title='bbox 709 2631 812 2667; x_wconf 85' lang='lat' dir='ltr'>suorum</span> <span class='ocrx_word' id='word_1_285' title='bbox 828 2618 854 2666; x_wconf 93' lang='lat' dir='ltr'>in</span> <span class='ocrx_word' id='word_1_286' title='bbox 867 2619 982 2668; x_wconf 83' lang='lat' dir='ltr'>Romano</span> <span class='ocrx_word' id='word_1_287' title='bbox 1000 2617 1097 2667; x_wconf 86' lang='lat' dir='ltr'>relictis</span> <span class='ocrx_word' id='word_1_288' title='bbox 1113 2619 1178 2679; x_wconf 92' lang='lat' dir='ltr'>soio,</span> 
     </span>
     <span class='ocr_line' id='line_1_32' title="bbox 82 2692 1178 2757; baseline -0.003 -15"><span class='ocrx_word' id='word_1_289' title='bbox 82 2693 118 2742; x_wconf 92' lang='lat' dir='ltr'>de</span> <span class='ocrx_word' id='word_1_290' title='bbox 131 2707 182 2757; x_wconf 82' lang='lat' dir='ltr'>qua</span> <span class='ocrx_word' id='word_1_291' title='bbox 193 2692 252 2741; x_wconf 87' lang='lat' dir='ltr'>ride</span> <span class='ocrx_word' id='word_1_292' title='bbox 263 2693 375 2756; x_wconf 80' lang='lat' dir='ltr'>Gregor.</span> <span class='ocrx_word' id='word_1_293' title='bbox 393 2694 537 2742; x_wconf 83' lang='lat' dir='ltr'>Turonens.</span> <span class='ocrx_word' id='word_1_294' title='bbox 554 2704 613 2754; x_wconf 72' lang='lat' dir='ltr'>pag·</span> <span class='ocrx_word' id='word_1_295' title='bbox 650 2692 683 2742; x_wconf 92' lang='lat' dir='ltr'>ad</span> <span class='ocrx_word' id='word_1_296' title='bbox 701 2693 868 2757; x_wconf 89' lang='lat' dir='ltr'>repetendam</span> <span class='ocrx_word' id='word_1_297' title='bbox 887 2692 1114 2756; x_wconf 84' lang='lat' dir='ltr'>depopulationem</span> <span class='ocrx_word' id='word_1_298' title='bbox 1133 2705 1178 2754; x_wconf 84' lang='lat' dir='ltr'>pe·</span> 
     </span>
     <span class='ocr_line' id='line_1_33' title="bbox 83 2767 1177 2832; baseline -0.002 -14"><span class='ocrx_word' id='word_1_299' title='bbox 83 2773 127 2818; x_wconf 79' lang='lat'>5⁹.</span> <span class='ocrx_word' id='word_1_300' title='bbox 148 2773 190 2818; x_wconf 74' lang='lat'>⁶8.</span> <span class='ocrx_word' id='word_1_301' title='bbox 216 2776 242 2818; x_wconf 84' lang='lat' dir='ltr'>et</span> <span class='ocrx_word' id='word_1_302' title='bbox 266 2769 460 2832; x_wconf 80' lang='lat' dir='ltr'>Hieronymum.</span> <span class='ocrx_word' id='word_1_303' title='bbox 493 2769 614 2831; x_wconf 85' lang='lat' dir='ltr'>itemque</span> <span class='ocrx_word' id='word_1_304' title='bbox 650 2768 723 2818; x_wconf 85' lang='lat' dir='ltr'>rutis.</span> <span class='ocrx_word' id='word_1_305' title='bbox 756 2768 821 2818; x_wconf 85' lang='lat' dir='ltr'>Cum</span> <span class='ocrx_word' id='word_1_306' title='bbox 841 2767 932 2831; x_wconf 84' lang='lat' dir='ltr'>quibus</span> <span class='ocrx_word' id='word_1_307' title='bbox 953 2781 1104 2829; x_wconf 73' lang='lat' dir='ltr'>conpressus</span> <span class='ocrx_word' id='word_1_308' title='bbox 1127 2768 1177 2816; x_wconf 82' lang='lat' dir='ltr'>Ro·</span> 
     </span>
     <span class='ocr_line' id='line_1_34' title="bbox 81 2840 1177 2908; baseline -0.003 -15"><span class='ocrx_word' id='word_1_309' title='bbox 81 2843 116 2892; x_wconf 88' lang='lat' dir='ltr'>de</span> <span class='ocrx_word' id='word_1_310' title='bbox 129 2843 275 2906; x_wconf 77' lang='lat' dir='ltr'>Arboguste</span> <span class='ocrx_word' id='word_1_311' title='bbox 294 2845 395 2893; x_wconf 78' lang='lat' dir='ltr'>Franco</span> <span class='ocrx_word' id='word_1_312' title='bbox 411 2852 529 2908; x_wconf 88' lang='lat' dir='ltr'>tempure</span> <span class='ocrx_word' id='word_1_313' title='bbox 548 2843 614 2892; x_wconf 81' lang='lat' dir='ltr'>Gna-</span> <span class='ocrx_word' id='word_1_314' title='bbox 650 2844 732 2892; x_wconf 87' lang='lat' dir='ltr'>mauis</span> <span class='ocrx_word' id='word_1_315' title='bbox 744 2842 925 2892; x_wconf 85' lang='lat' dir='ltr'>accommodus</span> <span class='ocrx_word' id='word_1_316' title='bbox 935 2840 993 2902; x_wconf 83' lang='lat' dir='ltr'>fuit,</span> <span class='ocrx_word' id='word_1_317' title='bbox 1003 2842 1089 2890; x_wconf 87' lang='lat' dir='ltr'>muitis</span> <span class='ocrx_word' id='word_1_318' title='bbox 1098 2843 1177 2891; x_wconf 83' lang='lat' dir='ltr'>Fran·</span> 
     </span>
     <span class='ocr_line' id='line_1_35' title="bbox 83 2915 1179 2983; baseline -0.003 -14"><span class='ocrx_word' id='word_1_319' title='bbox 83 2921 149 2969; x_wconf 87' lang='lat' dir='ltr'>tiani</span> <span class='ocrx_word' id='word_1_320' title='bbox 161 2920 264 2983; x_wconf 77' lang='lat' dir='ltr'>impin</span> <span class='ocrx_word' id='word_1_321' title='bbox 276 2918 337 2969; x_wconf 89' lang='lat' dir='ltr'>Vita</span> <span class='ocrx_word' id='word_1_322' title='bbox 350 2919 480 2970; x_wconf 78' lang='lat' dir='ltr'>Ambrosii</span> <span class='ocrx_word' id='word_1_323' title='bbox 491 2934 537 2983; x_wconf 86' lang='lat' dir='ltr'>per</span> <span class='ocrx_word' id='word_1_324' title='bbox 546 2920 615 2968; x_wconf 89' lang='lat' dir='ltr'>Pan·</span> <span class='ocrx_word' id='word_1_325' title='bbox 654 2933 742 2969; x_wconf 91' lang='lat' dir='ltr'>corum</span> <span class='ocrx_word' id='word_1_326' title='bbox 754 2918 822 2982; x_wconf 84' lang='lat' dir='ltr'>apud</span> <span class='ocrx_word' id='word_1_327' title='bbox 835 2917 1017 2967; x_wconf 78' lang='lat' dir='ltr'>carbonarium</span> <span class='ocrx_word' id='word_1_328' title='bbox 1034 2915 1104 2965; x_wconf 82' lang='lat' dir='ltr'>ferro</span> <span class='ocrx_word' id='word_1_329' title='bbox 1120 2931 1179 2981; x_wconf 86' lang='lat' dir='ltr'>per·</span> 
     </span>
     <span class='ocr_line' id='line_1_36' title="bbox 82 2993 1178 3058; baseline -0.001 -13"><span class='ocrx_word' id='word_1_330' title='bbox 82 2996 174 3045; x_wconf 84' lang='lat' dir='ltr'>linum.</span> <span class='ocrx_word' id='word_1_331' title='bbox 208 2996 243 3044; x_wconf 86' lang='lat' dir='ltr'>Et</span> <span class='ocrx_word' id='word_1_332' title='bbox 263 3009 352 3045; x_wconf 89' lang='lat' dir='ltr'>rursus</span> <span class='ocrx_word' id='word_1_333' title='bbox 366 2995 464 3046; x_wconf 86' lang='lat' dir='ltr'>diversi</span> <span class='ocrx_word' id='word_1_334' title='bbox 481 2995 615 3045; x_wconf 82' lang='lat' dir='ltr'>(ierrnuni.</span> <span class='ocrx_word' id='word_1_335' title='bbox 651 2995 756 3058; x_wconf 88' lang='lat' dir='ltr'>emptis.</span> <span class='ocrx_word' id='word_1_336' title='bbox 790 2993 906 3058; x_wconf 82' lang='lat' dir='ltr'>Cumque</span> <span class='ocrx_word' id='word_1_337' title='bbox 929 2993 1119 3043; x_wconf 79' lang='lat' dir='ltr'>consultaretur</span> <span class='ocrx_word' id='word_1_338' title='bbox 1144 2994 1178 3044; x_wconf 89' lang='lat' dir='ltr'>de</span> 
     </span>
     <span class='ocr_line' id='line_1_37' title="bbox 83 3069 1179 3134; baseline -0.002 -11"><span class='ocrx_word' id='word_1_339' title='bbox 83 3073 213 3125; x_wconf 64' lang='lat' dir='ltr'>Frueris.</span> <span class='ocrx_word' id='word_1_340' title='bbox 651 3085 781 3134; x_wconf 88' lang='lat' dir='ltr'>successu,</span> <span class='ocrx_word' id='word_1_341' title='bbox 805 3084 837 3119; x_wconf 84' lang='lat' dir='ltr'>en</span> <span class='ocrx_word' id='word_1_342' title='bbox 860 3069 885 3118; x_wconf 88' lang='lat' dir='ltr'>iu</span> <span class='ocrx_word' id='word_1_343' title='bbox 907 3070 1043 3118; x_wconf 80' lang='lat' dir='ltr'>Franciatn</span> <span class='ocrx_word' id='word_1_344' title='bbox 1069 3071 1179 3121; x_wconf 83' lang='lat' dir='ltr'>transire</span> 
     </span>
    </p>

    <p class='ocr_par' dir='ltr' id='par_1_5' title="bbox 83 3145 1211 3284">
     <span class='ocr_line' id='line_1_38' title="bbox 119 3145 1211 3210; baseline -0.003 -13"><span class='ocrx_word' id='word_1_345' title='bbox 119 3147 261 3210; x_wconf 61' lang='lat' dir='ltr'>Cramer]</span> <span class='ocrx_word' id='word_1_346' title='bbox 294 3147 471 3210; x_wconf 87' lang='lat' dir='ltr'>Chrepestini,</span> <span class='ocrx_word' id='word_1_347' title='bbox 508 3147 615 3208; x_wconf 79' lang='lat' dir='ltr'>Morini,</span> <span class='ocrx_word' id='word_1_348' title='bbox 651 3145 789 3208; x_wconf 85' lang='lat' dir='ltr'>deberent,</span> <span class='ocrx_word' id='word_1_349' title='bbox 805 3145 925 3195; x_wconf 80' lang='lat' dir='ltr'>Nunnius</span> <span class='ocrx_word' id='word_1_350' title='bbox 939 3145 1040 3207; x_wconf 87' lang='lat' dir='ltr'>abnuit,</span> <span class='ocrx_word' id='word_1_351' title='bbox 1057 3145 1178 3210; x_wconf 84' lang='lat' dir='ltr'>quianon</span> <span class='ocrx_word' id='word_1_352' title='bbox 1209 3181 1211 3184; x_wconf 26' lang='grc' dir='ltr'><em>ψ</em></span> 
     </span>
     <span class='ocr_line' id='line_1_39' title="bbox 83 3220 1178 3284; baseline -0.003 -11"><span class='ocrx_word' id='word_1_353' title='bbox 83 3224 258 3274; x_wconf 66' lang='lat' dir='ltr'>stantium.</span> <span class='ocrx_word' id='word_1_354' title='bbox 274 3222 349 3272; x_wconf 77' lang='lat' dir='ltr'>Idem,</span> <span class='ocrx_word' id='word_1_355' title='bbox 650 3220 792 3284; x_wconf 81' lang='lat' dir='ltr'>imparatus</span> <span class='ocrx_word' id='word_1_356' title='bbox 814 3229 843 3271; x_wconf 91' lang='lat' dir='ltr'>et</span> <span class='ocrx_word' id='word_1_357' title='bbox 865 3222 891 3269; x_wconf 88' lang='lat' dir='ltr'>in</span> <span class='ocrx_word' id='word_1_358' title='bbox 910 3220 976 3270; x_wconf 90' lang='lat' dir='ltr'>iocis</span> <span class='ocrx_word' id='word_1_359' title='bbox 1001 3220 1053 3270; x_wconf 90' lang='lat' dir='ltr'>suis</span> <span class='ocrx_word' id='word_1_360' title='bbox 1072 3221 1178 3282; x_wconf 81' lang='lat' dir='ltr'>indubie</span> 
     </span>
    </p>

    <p class='ocr_par' dir='ltr' id='par_1_6' title="bbox 83 3294 1183 4202">
     <span class='ocr_line' id='line_1_40' title="bbox 117 3294 1179 3361; baseline -0.001 -13"><span class='ocrx_word' id='word_1_361' title='bbox 117 3302 165 3348; x_wconf 72' lang='lat' dir='ltr'>dio</span> <span class='ocrx_word' id='word_1_362' title='bbox 180 3297 353 3361; x_wconf 80' lang='lat' dir='ltr'>Gerrunrs‘pee]</span> <span class='ocrx_word' id='word_1_363' title='bbox 364 3296 420 3347; x_wconf 83' lang='lat' dir='ltr'>iios</span> <span class='ocrx_word' id='word_1_364' title='bbox 431 3298 500 3347; x_wconf 86' lang='lat' dir='ltr'>enim</span> <span class='ocrx_word' id='word_1_365' title='bbox 511 3297 615 3348; x_wconf 76' lang='lat' dir='ltr'>infesta·</span> <span class='ocrx_word' id='word_1_366' title='bbox 651 3294 774 3346; x_wconf 77' lang='lat' dir='ltr'>sorderes</span> <span class='ocrx_word' id='word_1_367' title='bbox 785 3295 886 3346; x_wconf 81' lang='lat' dir='ltr'>iuturus</span> <span class='ocrx_word' id='word_1_368' title='bbox 897 3296 1006 3346; x_wconf 86' lang='lat' dir='ltr'>sciebat.</span> <span class='ocrx_word' id='word_1_369' title='bbox 1031 3296 1108 3348; x_wconf 74' lang='lat' dir='ltr'>Quod</span> <span class='ocrx_word' id='word_1_370' title='bbox 1120 3310 1179 3347; x_wconf 89' lang='lat' dir='ltr'>cnm</span> 
     </span>
     <span class='ocr_line' id='line_1_41' title="bbox 83 3372 1179 3437; baseline -0.003 -12"><span class='ocrx_word' id='word_1_371' title='bbox 83 3375 297 3435; x_wconf 70' lang='lat' dir='ltr'>saturauimus,</span> <span class='ocrx_word' id='word_1_372' title='bbox 315 3374 452 3424; x_wconf 82' lang='lat' dir='ltr'>interiores</span> <span class='ocrx_word' id='word_1_373' title='bbox 467 3374 615 3425; x_wconf 82' lang='lat' dir='ltr'>Germaniae</span> <span class='ocrx_word' id='word_1_374' title='bbox 652 3372 779 3422; x_wconf 80' lang='lat' dir='ltr'>Quintino</span> <span class='ocrx_word' id='word_1_375' title='bbox 796 3379 823 3420; x_wconf 94' lang='lat' dir='ltr'>et</span> <span class='ocrx_word' id='word_1_376' title='bbox 838 3372 942 3437; x_wconf 82' lang='lat' dir='ltr'>reliquis</span> <span class='ocrx_word' id='word_1_377' title='bbox 954 3373 1015 3421; x_wconf 77' lang='lat' dir='ltr'>siris</span> <span class='ocrx_word' id='word_1_378' title='bbox 1025 3373 1179 3423; x_wconf 83' lang='lat' dir='ltr'>miiitaribns</span> 
     </span>
     <span class='ocr_line' id='line_1_42' title="bbox 85 3447 1179 3514; baseline -0.003 -14"><span class='ocrx_word' id='word_1_379' title='bbox 85 3451 156 3501; x_wconf 83' lang='lat' dir='ltr'>iiiios</span> <span class='ocrx_word' id='word_1_380' title='bbox 166 3464 266 3514; x_wconf 73' lang='lat' dir='ltr'>magnae</span> <span class='ocrx_word' id='word_1_381' title='bbox 277 3451 402 3508; x_wconf 86' lang='lat' dir='ltr'>ainurnos,</span> <span class='ocrx_word' id='word_1_382' title='bbox 411 3450 538 3510; x_wconf 81' lang='lat' dir='ltr'>Saxones,</span> <span class='ocrx_word' id='word_1_383' title='bbox 548 3450 616 3498; x_wconf 84' lang='lat' dir='ltr'>Titu-</span> <span class='ocrx_word' id='word_1_384' title='bbox 654 3447 840 3510; x_wconf 84' lang='lat' dir='ltr'>displicuisset,</span> <span class='ocrx_word' id='word_1_385' title='bbox 859 3448 962 3498; x_wconf 85' lang='lat' dir='ltr'>Nunnio</span> <span class='ocrx_word' id='word_1_386' title='bbox 983 3448 1179 3512; x_wconf 76' lang='lat' dir='ltr'>Moguntineum</span> 
     </span>
     <span class='ocr_line' id='line_1_43' title="bbox 85 3523 1180 3590; baseline -0.002 -16"><span class='ocrx_word' id='word_1_387' title='bbox 85 3527 182 3590; x_wconf 73' lang='lat' dir='ltr'>ringus.</span> <span class='ocrx_word' id='word_1_388' title='bbox 223 3526 293 3574; x_wconf 85' lang='lat' dir='ltr'>Hinc</span> <span class='ocrx_word' id='word_1_389' title='bbox 312 3525 617 3587; x_wconf 83' lang='lat' dir='ltr'>Valentinianus,Ma1i·</span> <span class='ocrx_word' id='word_1_390' title='bbox 654 3537 769 3586; x_wconf 83' lang='lat' dir='ltr'>reverso,</span> <span class='ocrx_word' id='word_1_391' title='bbox 800 3523 941 3576; x_wconf 79' lang='lat' dir='ltr'>Quintiuus</span> <span class='ocrx_word' id='word_1_392' title='bbox 973 3538 1031 3573; x_wconf 91' lang='lat' dir='ltr'>eum</span> <span class='ocrx_word' id='word_1_393' title='bbox 1060 3523 1180 3574; x_wconf 85' lang='lat' dir='ltr'>exercitu</span> 
     </span>
     <span class='ocr_line' id='line_1_44' title="bbox 84 3599 1180 3667; baseline -0.005 -13"><span class='ocrx_word' id='word_1_394' title='bbox 84 3618 143 3654; x_wconf 87' lang='lat' dir='ltr'>mus</span> <span class='ocrx_word' id='word_1_395' title='bbox 154 3603 335 3666; x_wconf 81' lang='lat' dir='ltr'>Germanicus,</span> <span class='ocrx_word' id='word_1_396' title='bbox 344 3604 474 3653; x_wconf 80' lang='lat' dir='ltr'>Maximus</span> <span class='ocrx_word' id='word_1_397' title='bbox 482 3602 618 3667; x_wconf 79' lang='lat' dir='ltr'>Gothicus,</span> <span class='ocrx_word' id='word_1_398' title='bbox 653 3599 724 3649; x_wconf 83' lang='lat' dir='ltr'>circa</span> <span class='ocrx_word' id='word_1_399' title='bbox 743 3599 881 3649; x_wconf 86' lang='lat' dir='ltr'>Noresinm</span> <span class='ocrx_word' id='word_1_400' title='bbox 907 3600 1042 3648; x_wconf 81' lang='lat' dir='ltr'>castelium</span> <span class='ocrx_word' id='word_1_401' title='bbox 1062 3600 1180 3650; x_wconf 82' lang='lat' dir='ltr'>Rhenum</span> 
     </span>
     <span class='ocr_line' id='line_1_45' title="bbox 87 3674 1181 3743; baseline -0.005 -13"><span class='ocrx_word' id='word_1_402' title='bbox 87 3680 218 3730; x_wconf 74' lang='lat' dir='ltr'>Maximus</span> <span class='ocrx_word' id='word_1_403' title='bbox 227 3680 375 3731; x_wconf 83' lang='lat' dir='ltr'>Francicus.</span> <span class='ocrx_word' id='word_1_404' title='bbox 404 3679 616 3743; x_wconf 85' lang='lat' dir='ltr'>Ituseparateos</span> <span class='ocrx_word' id='word_1_405' title='bbox 654 3674 1181 3738; x_wconf 79' lang='lat' dir='ltr'>transgressus,recundisaflurioccstris,</span> 
     </span>
     <span class='ocr_line' id='line_1_46' title="bbox 86 3749 1180 3819; baseline -0.01 -13"><span class='ocrx_word' id='word_1_406' title='bbox 86 3756 201 3806; x_wconf 74' lang='lat' dir='ltr'>stantius</span> <span class='ocrx_word' id='word_1_407' title='bbox 230 3756 362 3804; x_wconf 87' lang='lat' dir='ltr'>Statinnns</span> <span class='ocrx_word' id='word_1_408' title='bbox 383 3754 453 3818; x_wconf 88' lang='lat' dir='ltr'>apud</span> <span class='ocrx_word' id='word_1_409' title='bbox 477 3755 616 3819; x_wconf 73' lang='lat' dir='ltr'>Vopiscum</span> <span class='ocrx_word' id='word_1_410' title='bbox 654 3764 726 3800; x_wconf 84' lang='lat' dir='ltr'>casus</span> <span class='ocrx_word' id='word_1_411' title='bbox 737 3749 923 3800; x_wconf 84' lang='lat' dir='ltr'>habitatoribus</span> <span class='ocrx_word' id='word_1_412' title='bbox 935 3764 1029 3800; x_wconf 82' lang='lat' dir='ltr'>vacuus</span> <span class='ocrx_word' id='word_1_413' title='bbox 1048 3760 1126 3813; x_wconf 85' lang='lat' dir='ltr'>atque</span> <span class='ocrx_word' id='word_1_414' title='bbox 1142 3749 1180 3797; x_wconf 89' lang='lat' dir='ltr'>iu·</span> 
     </span>
     <span class='ocr_line' id='line_1_47' title="bbox 87 3820 1180 3890; baseline -0.01 -9"><span class='ocrx_word' id='word_1_415' title='bbox 87 3832 192 3882; x_wconf 86' lang='lat' dir='ltr'>Probo:</span> <span class='ocrx_word' id='word_1_416' title='bbox 210 3830 323 3880; x_wconf 84' lang='lat' dir='ltr'>‘Teates</span> <span class='ocrx_word' id='word_1_417' title='bbox 336 3829 618 3879; x_wconf 78' lang='lat' dir='ltr'>Fusnctiuriisstrati</span> <span class='ocrx_word' id='word_1_418' title='bbox 654 3834 746 3890; x_wconf 71' lang='lat' dir='ltr'>gentes</span> <span class='ocrx_word' id='word_1_419' title='bbox 777 3825 849 3875; x_wconf 84' lang='lat' dir='ltr'>vicos</span> <span class='ocrx_word' id='word_1_420' title='bbox 888 3825 1028 3874; x_wconf 91' lang='lat' dir='ltr'>destitutos</span> <span class='ocrx_word' id='word_1_421' title='bbox 1063 3820 1180 3872; x_wconf 82' lang='lat' dir='ltr'>offendit.</span> 
     </span>
     <span class='ocr_line' id='line_1_48' title="bbox 88 3897 1181 3971; baseline -0.011 -16"><span class='ocrx_word' id='word_1_422' title='bbox 88 3906 235 3971; x_wconf 80' lang='lat' dir='ltr'>paludibus,</span> <span class='ocrx_word' id='word_1_423' title='bbox 252 3913 332 3955; x_wconf 89' lang='lat' dir='ltr'>testes</span> <span class='ocrx_word' id='word_1_424' title='bbox 351 3907 499 3967; x_wconf 77' lang='lat' dir='ltr'>(innuunt,</span> <span class='ocrx_word' id='word_1_425' title='bbox 518 3912 546 3954; x_wconf 90' lang='lat' dir='ltr'>et</span> <span class='ocrx_word' id='word_1_426' title='bbox 556 3903 617 3955; x_wconf 82' lang='lat' dir='ltr'>Aie-</span> <span class='ocrx_word' id='word_1_427' title='bbox 654 3902 748 3952; x_wconf 80' lang='lat' dir='ltr'>Franci</span> <span class='ocrx_word' id='word_1_428' title='bbox 770 3902 848 3962; x_wconf 88' lang='lat' dir='ltr'>euim,</span> <span class='ocrx_word' id='word_1_429' title='bbox 866 3902 986 3951; x_wconf 79' lang='lat' dir='ltr'>simulato</span> <span class='ocrx_word' id='word_1_430' title='bbox 1006 3906 1088 3961; x_wconf 87' lang='lat' dir='ltr'>metu,</span> <span class='ocrx_word' id='word_1_431' title='bbox 1104 3911 1132 3945; x_wconf 91' lang='lat' dir='ltr'>se</span> <span class='ocrx_word' id='word_1_432' title='bbox 1154 3897 1181 3943; x_wconf 89' lang='lat' dir='ltr'>in</span> 
     </span>
     <span class='ocr_line' id='line_1_49' title="bbox 87 3971 1182 4040; baseline -0.009 -11"><span class='ocrx_word' id='word_1_433' title='bbox 87 3981 156 4029; x_wconf 87' lang='lat' dir='ltr'>mani</span> <span class='ocrx_word' id='word_1_434' title='bbox 169 3981 244 4040; x_wconf 68' lang='lat' dir='ltr'>iunge</span> <span class='ocrx_word' id='word_1_435' title='bbox 262 3995 277 4028; x_wconf 89' lang='lat' dir='ltr'>a</span> <span class='ocrx_word' id='word_1_436' title='bbox 291 3981 373 4029; x_wconf 84' lang='lat' dir='ltr'>Rheni</span> <span class='ocrx_word' id='word_1_437' title='bbox 393 3981 512 4030; x_wconf 87' lang='lat' dir='ltr'>summoti</span> <span class='ocrx_word' id='word_1_438' title='bbox 521 3980 617 4030; x_wconf 87' lang='lat' dir='ltr'>littori·</span> <span class='ocrx_word' id='word_1_439' title='bbox 654 3978 805 4028; x_wconf 82' lang='lat' dir='ltr'>remotiores</span> <span class='ocrx_word' id='word_1_440' title='bbox 823 3978 903 4028; x_wconf 80' lang='lat' dir='ltr'>cuitus</span> <span class='ocrx_word' id='word_1_441' title='bbox 915 3980 1078 4038; x_wconf 84' lang='lat' dir='ltr'>receperant,</span> <span class='ocrx_word' id='word_1_442' title='bbox 1094 3971 1182 4021; x_wconf 86' lang='lat' dir='ltr'>conci·</span> 
     </span>
     <span class='ocr_line' id='line_1_50' title="bbox 88 4051 1182 4121; baseline -0.012 -15"><span class='ocrx_word' id='word_1_443' title='bbox 88 4057 155 4106; x_wconf 72' lang='lat' dir='ltr'>bus!</span> <span class='ocrx_word' id='word_1_444' title='bbox 189 4057 224 4105; x_wconf 84' lang='lat' dir='ltr'>Et</span> <span class='ocrx_word' id='word_1_445' title='bbox 235 4055 409 4105; x_wconf 76' lang='lat' dir='ltr'>differentiam</span> <span class='ocrx_word' id='word_1_446' title='bbox 418 4056 617 4121; x_wconf 85' lang='lat' dir='ltr'>distantiamque</span> <span class='ocrx_word' id='word_1_447' title='bbox 654 4054 730 4104; x_wconf 88' lang='lat' dir='ltr'>dibus</span> <span class='ocrx_word' id='word_1_448' title='bbox 743 4070 788 4118; x_wconf 89' lang='lat' dir='ltr'>per</span> <span class='ocrx_word' id='word_1_449' title='bbox 800 4061 918 4103; x_wconf 83' lang='lat' dir='ltr'>extrema</span> <span class='ocrx_word' id='word_1_450' title='bbox 930 4051 1050 4099; x_wconf 82' lang='lat' dir='ltr'>silverunt</span> <span class='ocrx_word' id='word_1_451' title='bbox 1059 4059 1182 4112; x_wconf 84' lang='lat' dir='ltr'>procurs-</span> 
     </span>
     <span class='ocr_line' id='line_1_51' title="bbox 89 4126 1183 4202; baseline -0.009 -15"><span class='ocrx_word' id='word_1_452' title='bbox 89 4137 188 4202; x_wconf 86' lang='lat' dir='ltr'>optitne</span> <span class='ocrx_word' id='word_1_453' title='bbox 200 4137 279 4185; x_wconf 86' lang='lat' dir='ltr'>neniis</span> <span class='ocrx_word' id='word_1_454' title='bbox 292 4136 397 4185; x_wconf 78' lang='lat' dir='ltr'>exhibet</span> <span class='ocrx_word' id='word_1_455' title='bbox 406 4135 505 4186; x_wconf 78' lang='lat' dir='ltr'>Tabula</span> <span class='ocrx_word' id='word_1_456' title='bbox 516 4141 619 4187; x_wconf 83' lang='lat' dir='ltr'>vetusta</span> <span class='ocrx_word' id='word_1_457' title='bbox 655 4134 697 4182; x_wconf 86' lang='lat' dir='ltr'>tia.</span> <span class='ocrx_word' id='word_1_458' title='bbox 731 4133 824 4197; x_wconf 84' lang='lat' dir='ltr'>ltaque</span> <span class='ocrx_word' id='word_1_459' title='bbox 841 4129 964 4181; x_wconf 85' lang='lat' dir='ltr'>universis</span> <span class='ocrx_word' id='word_1_460' title='bbox 975 4126 1092 4178; x_wconf 86' lang='lat' dir='ltr'>dumibus</span> <span class='ocrx_word' id='word_1_461' title='bbox 1107 4142 1183 4177; x_wconf 81' lang='lat' dir='ltr'>eaus-</span> 
     </span>
    </p>
   </div>
   <div class='ocr_carea' id='block_1_3' title="bbox 152 4208 1117 4280">
    <p class='ocr_par' dir='ltr' id='par_1_7' title="bbox 152 4208 1117 4280">
     <span class='ocr_line' id='line_1_52' title="bbox 152 4208 1117 4280; baseline -0.008 -14"><span class='ocrx_word' id='word_1_462' title='bbox 152 4217 239 4280; x_wconf 75' lang='lat' dir='ltr'>Deipi.</span> <span class='ocrx_word' id='word_1_463' title='bbox 251 4222 276 4266; x_wconf 84' lang='lat' dir='ltr'>et</span> <span class='ocrx_word' id='word_1_464' title='bbox 287 4217 344 4266; x_wconf 86' lang='lat' dir='ltr'>Vur.</span> <span class='ocrx_word' id='word_1_465' title='bbox 354 4217 419 4265; x_wconf 79' lang='lat' dir='ltr'>ctu.</span> <span class='ocrx_word' id='word_1_466' title='bbox 599 4215 690 4265; x_wconf 77' lang='lat' dir='ltr'>Aaron.</span> <span class='ocrx_word' id='word_1_467' title='bbox 1058 4213 1074 4259; x_wconf 76' lang='grc'><strong>4</strong></span> <span class='ocrx_word' id='word_1_468' title='bbox 1090 4208 1117 4258; x_wconf 85' lang='lat'>1&gt;</span> 
     </span>
    </p>
   </div>
   <div class='ocr_carea' id='block_1_4' title="bbox 0 0 1420 4764">
    <p class='ocr_par' dir='ltr' id='par_1_8' title="bbox 0 0 1420 4764">
     <span class='ocr_line' id='line_1_53' title="bbox 0 0 1420 4764; baseline 0 0"><span class='ocrx_word' id='word_1_469' title='bbox 0 0 1420 4764; x_wconf 95' lang='lat' dir='ltr'> </span> 
     </span>
    </p>
   </div>
  </div>
 </body>
</html>
