2804 4764
130 291 214 356 1272
480 305 585 352 soum
611 305 808 354 usumsuu
833 309 872 355 ru

130 454 196 502 toria
223 439 323 516 aliquot
347 449 459 514 projicit.
497 448 571 498 luter
597 462 654 512 quite
693 448 819 498 vicesima
838 456 937 513 quarta
962 448 1071 501 Ausonii
1095 453 1222 518 Epistol!
1244 457 1247 461 '

128 527 415 591 ’Appollommllenerem
422 524 655 587 Pyreuaesm,tem·
693 525 775 587 accipi
793 532 890 587 posset,
907 535 992 577 tamen
1011 530 1132 592 quonism
1151 534 1221 596 qnod

130 606 212 669 plum,
227 601 467 652 fanumseVeusris
484 601 587 662 Strabo,
603 601 654 649 Pii·
693 614 763 648 mare
784 598 837 648 fert
856 602 1009 665 ‘ostreum'
1028 604 1097 655 idem
1118 605 1174 656 fert
1195 615 1222 658 st

129 682 196 741 nius,
222 679 378 728 Ptolemens
402 682 552 736 memorant,
580 691 654 740 quem
693 675 827 738 ‘ostruut,'
847 677 872 724 id
893 685 932 727 est
957 693 1107 743 purpuram,
1128 683 1220 733 dubito

130 761 253 821 aponum
272 751 395 803 Veneri&
414 751 527 814 appellet
543 749 654 814 Pompo·
692 751 822 813 equidem,
840 752 871 801 sb
886 755 1025 815 osticium,
1040 769 1073 805 aa
1091 773 1107 806 a
1123 773 1220 824 pnrpn.

35 874 37 887 .
130 834 187 882 nim
206 832 286 880 Meis.
314 830 436 878 ceterum
459 838 543 888 neqne
564 823 597 873 ds
615 825 653 873 iris
693 825 1222 894 ris‚‘ostriferamaria'poitoediaeriat.

130 909 223 958 ostreis
245 904 313 956 alind
336 903 470 967 quicquam
493 901 580 964 legere
601 916 653 951 nie·
696 900 801 951 Visetur.

129 985 205 1034 mini
218 985 292 1033 idem·
600 1029 606 1038 ,
723 981 757 1026 29
774 978 834 1032 Qaae
842 980 946 1041 protegit
956 995 1034 1042 «epm
1051 981 1145 1046 Abydi]
1163 984 1218 1034 nu.

161 1065 194 1110 28
210 1061 250 1108 Ad
269 1053 376 1117 Veseris]
399 1052 537 1103 Notissima
550 1052 653 1102 locutio.
692 1050 757 1101 bitat
768 1053 885 1115 Vinctus,
896 1053 940 1103 sed
958 1070 1004 1104 suo
1015 1071 1088 1106 more
1098 1059 1179 1109 etiarn
1192 1061 1217 1108 in

129 1136 215 1187 Plinio
226 1141 311 1184 temen
320 1133 374 1194 ejus
383 1129 525 1194 ignorantia
533 1127 653 1178 mendum
691 1141 719 1176 re
731 1125 908 1191 liquidissime,
920 1129 1094 1194 deAbydenis
1106 1136 1216 1184 ostreis:

130 1227 146 1260 a
162 1209 270 1259 librariis
290 1207 409 1256 inolevit:
425 1205 481 1253 ‘Et
496 1203 579 1265 ipsum
593 1203 652 1252 Pisi·
691 1202 759 1251 inter
777 1203 965 1254 laudatissimos
987 1206 1125 1269 uolonibus
1143 1209 1218 1259 cibos

129 1284 215 1348 diam‚'
242 1283 326 1348 inquit
347 1282 393 1331 lib.
415 1291 517 1329 navt.
544 1293 601 1341 cap.
626 1292 651 1328 s.
690 1281 852 1328 enumeravit
869 1281 967 1330 Ennius
988 1283 1057 1345 apud
1079 1283 1217 1346 Apuleius

130 1365 137 1392 ⁶
150 1362 255 1414 tradunt
273 1359 406 1427 pcalpsisse
421 1370 555 1417 marmora,
567 1356 653 1405 Vene-
689 1353 716 1401 in
734 1353 878 1417 Apologia:
896 1357 1007 1407 ‘Mures
1021 1367 1081 1407 sont
1091 1360 1160 1423 AEni,
1177 1375 1216 1410 as-

129 1452 235 1503 remqne
244 1437 298 1502 ejus
309 1448 367 1484 esse
382 1433 472 1482 Rome
491 1431 517 1480 in
534 1430 651 1481 Oetssise
690 1440 753 1489 pera
772 1436 801 1477 et
817 1436 904 1479 ostreo
921 1431 1029 1494 plurima
1046 1431 1167 1497 Abydiz’
1183 1449 1216 1485 ea

127 1506 555 1580 opertumeximuspulcritudinis!
567 1508 651 1570 Lege:
690 1502 865 1568 Archcstrsto,
879 1507 922 1570 qui
940 1509 1008 1570 spnd
1025 1507 1181 1560 Athenssuna
1190 1512 1214 1560 l.

127 1595 154 1642 ia
175 1591 289 1651 Garrire,
305 1602 341 1637 sc.
357 1584 469 1649 portien,
485 1597 544 1646 opus
558 1582 652 1631 scissia
690 1591 732 1628 ut.
764 1577 822 1629 Teis
844 1581 894 1629 Mis
915 1579 985 1632 Alvos
1012 1581 1064 1644 ἔχει
1089 1583 1217 1647 preprium,

44 1701 47 1706 -
127 1666 310 1733 pulcritudinis:
328 1664 378 1712 imo
397 1667 425 1710 et
442 1658 472 1707 τὸ
488 1673 545 1722 opas
564 1665 652 1720 posset
690 1653 784 1718 ὄστρεια
804 1656 945 1712 δ’Ἀβνδος.
974 1657 1055 1707 clem.
1073 1659 1217 1712 Alexandr.

128 1759 175 1809 pro
183 1744 336 1809 glossemate
346 1736 444 1787 haberi.
689 1731 731 1781 lib.
748 1746 778 1781 u.
797 1732 936 1797 Paedsgog.
954 1748 976 1782 c.
995 1747 1013 1782 ι.
1037 1732 1067 1781 ol
1077 1733 1103 1782 tt
1115 1735 1216 1796 despuis

162 1824 278 1886 Cultsqse
296 1815 414 1878 cosentio]
440 1816 535 1864 Versus
559 1815 650 1878 lipper-
688 1807 730 1855 οὐκ
741 1805 1214 1873 αἷσχύνοπωτὰςσφπέρωὴουηαω,

129 1906 221 1960 metor,
248 1895 406 1960 dactylicus:
434 1891 515 1954 qstalis
542 1890 585 1940 ille
613 1904 650 1938 se·
688 1881 731 1931 τὶς
744 1883 811 1946 δντᾷ
820 1885 956 1946 πορθμῷτῷ
967 1887 1078 1946 amum
1088 1887 1214 1951 σμνρώς

129 1974 213 2023 csrndo
230 1971 376 2034 Georgicon
393 1967 514 2030 Virgilii:
537 1967 650 2016 ‘Inseri-
687 1961 941 2024 πολυτραγμονοΐπες,
951 1960 1039 2011 καὶτὰς
1052 1961 1162 2023 syxtum
1171 1964 1213 2014 ris

129 2056 172 2098 tur
188 2061 249 2095 sero
260 2061 292 2095 ex
304 2044 368 2094 stetu
385 2043 458 2091 nucis
473 2041 578 2090 erbutus
594 2043 650 2091 hor·
688 2034 856 2096 lluoslpslous,
866 2036 904 2084 sol
914 2037 968 2086 sois
984 2038 1010 2086 dr
1024 2037 1100 2099 idm
1111 2039 1211 2102 ipim,

127 2124 183 2173 ritis
202 2125 236 2173 Et
257 2119 358 2171 sterite's
379 2117 500 2169 Platani!
528 2117 605 2169 Quod
629 2118 651 2166 sl
687 2110 726 2159 ital
736 2109 792 2160 τοὺς
803 2111 827 2159 ἐν
837 2110 924 2174 Σκιάθῳ
934 2117 1046 2177 κεστρεῖς,
1061 2114 1100 2163 sol
1115 2116 1159 2166 τὰς
1170 2124 1213 2166 ne·

128 2199 229 2249 curatis
239 2199 347 2260 legeres,
361 2209 407 2258 pro
423 2193 536 2254 careatis,
553 2193 650 2256 siguifi-
687 2185 786 2247 molles
797 2186 896 2248 κόγχας,
911 2189 948 2236 sol
959 2190 989 2237 sd
1000 2189 1087 2254 lorpes
1096 2192 1130 2241 τὸ
1141 2193 1213 2248 'Aac

128 2281 239 2335 caretur,
251 2271 355 2321 Ausonii
367 2266 525 2331 temporibus
536 2267 649 2317 dirutum
688 2261 753 2321 ossii.

123 2353 237 2415 jacuisse
256 2344 378 2410 oppidum
397 2341 518 2406 Abydum
539 2343 650 2392 Leandri
720 2343 752 2387 ³0
773 2339 816 2388 Vel
835 2356 887 2403 qao
906 2343 1018 2406 Baianis]
1036 2345 1044 2371 ⁴
1059 2345 1211 2395 Baianororn

125 2424 309 2476 iliiusamantis
319 2421 438 2485 patrium,
449 2418 475 2467 in
485 2419 649 2482 Hellesponti
687 2416 839 2464 ostreorum'
849 2418 926 2466 etiam
943 2420 1038 2467 mentio
1055 2420 1080 2468 in
1096 2421 1212 2484 Epistola

125 2502 226 2560 littore,
247 2499 323 2548 maris
345 2497 381 2545 ibi
407 2510 457 2544 non
476 2497 533 2559 pins
550 2504 649 2559 septem
687 2491 805 2552 septum.
845 2494 913 2542 Urba
935 2496 1062 2544 uteritirna
1088 2498 1161 2547 Bria
1185 2499 1211 2546 in

125 2578 210 2627 studia
230 2575 284 2624 lsti.
317 2569 503 2622 ‘Ostiensior'
525 2577 609 2620 autem
627 2573 648 2621 si
687 2566 932 2630 Campanialtnlise,
944 2571 1014 2619 locus
1027 2573 1210 2622 nmoenissimos

126 2659 197 2702 recte
210 2651 258 2714 logi
276 2649 366 2697 scirem
384 2645 452 2710 opud
463 2646 611 2695 Terentium
623 2647 648 2694 in
686 2642 719 2690 cb
730 2641 816 2692 fontes
827 2659 950 2703 equarum
963 2646 1112 2707 calidarum,
1123 2655 1150 2698 st
1161 2650 1212 2697 alia

124 2728 163 2775 his
176 2727 292 2775 versibus
304 2723 438 2787 Priapeis:
455 2721 552 2770 ‘Hunc
563 2723 648 2772 lucum
686 2719 773 2780 mults,
801 2720 942 2782 Ciceronis,
965 2721 1075 2783 Virgilii,
1099 2724 1210 2781 Horatii,

125 2802 172 2852 tibi
202 2802 304 2863 dedico,
335 2811 516 2862 consecroque,
544 2797 666 2861 Priape‚'
687 2793 798 2841 omnium
810 2801 924 2844 veterum
942 2797 1044 2860 scriptis
1059 2799 1210 2851 celebratis·

125 2879 183 2930 Qua
200 2878 288 2927 domus
310 2881 356 2926 tua
378 2873 513 2938 Lampsaci
533 2875 581 2924 sita
598 2881 648 2936 est,
687 2868 774 2916 simol·
795 2869 874 2918 Viset-

124 2968 225 3018 qusque
237 2953 344 3016 Priape,
362 2950 429 2999 Nsm
444 2958 471 2998 te
483 2949 611 3013 precipue
623 2951 647 2998 in
719 2943 958 3006 Peudrnljlssitoals'n
970 2946 1042 3009 polis]
1058 2947 1209 3012 Quanquam

123 3028 174 3077 suls
185 3028 291 3077 orbibus
300 3028 356 3075 hsec
367 3026 429 3075 colit
437 3039 483 3072 ora
494 3024 648 3086 Hellespon·
684 3019 746 3080 pelle
756 3033 806 3067 non
817 3019 943 3081 improbo,
954 3023 1053 3071 mallem
1071 3032 1158 3074 tomen
1174 3026 1210 3074 ις.

124 3103 171 3164 tia,
183 3103 278 3151 ceteris
289 3102 429 3150 ostreosior
440 3101 490 3149 oris
500 3099 516 3147 ι’
531 3115 562 3148 es
573 3099 648 3149 iutel-
687 3107 747 3155 gere
756 3093 821 3154 pilis.
845 3095 966 3156 Virgilius
976 3111 983 3143 τ
1000 3100 1008 3124 ⁴
1021 3099 1111 3148 Qualis
1120 3101 1146 3148 in
1158 3101 1208 3149 En·

121 3178 227 3241 ligerem
239 3179 246 3204 ‘
258 3176 362 3236 ostres,'
371 3191 428 3239 quae
440 3176 487 3224 lunc
500 3176 555 3223 loco
567 3176 647 3223 votuit
686 3168 759 3217 boico
769 3169 889 3218 Baiarum
898 3171 1119 3236 littotequondnm
1125 3175 1209 3224 Seres

122 3250 251 3300 Ausonius
266 3249 423 3312 significare:
441 3248 485 3296 sed
496 3263 544 3296 non
557 3250 646 3310 procul
686 3245 737 3305 pila
753 3244 841 3293 cadit!
869 3247 913 3293 En·
934 3246 992 3308 plloe
1004 3247 1124 3297 dicuntur
1134 3247 1209 3310 χηλαὶ

121 3324 154 3374 sb
164 3323 258 3386 Abydo
270 3324 375 3386 Cynicus
386 3323 463 3371 abest
476 3323 591 3385 ejusdcm
607 3325 648 3372 lit.
684 3334 699 3367 a
711 3319 869 3382 Thucydide.
885 3319 1000 3381 Scaliger.

122 3400 185 3449 toris
205 3397 315 3447 Asiatici
336 3398 443 3446 civiter:
469 3399 542 3459 quns
561 3406 646 3448 ostrea
715 3399 744 3443 31
764 3395 890 3443 Smrsuim
908 3411 959 3456 qua
973 3396 1106 3459 lecissslo]
1123 3398 1207 3448 Ocea·

120 3474 273 3524 memoravit
284 3487 317 3520 ex
327 3472 448 3520 Mucieno
459 3471 557 3519 Plinius
569 3473 645 3521 trice.
684 3484 729 3517 mu
748 3470 909 3529 Ssutonicus,
929 3479 957 3519 et
978 3473 1127 3530 (larantonu
1146 3474 1206 3523 elio·

119 3550 184 3598 simo
195 3547 325 3598 secundo:
344 3545 645 3610 etqnoeinde¹Cyzicos
684 3558 790 3606 suumque
812 3545 922 3592 omnium
943 3545 968 3592 in
992 3548 1076 3608 ipsum
1098 3547 1206 3597 induen-

119 3623 239 3675 ostreoss’
249 3623 344 3671 dicitur
355 3624 381 3670 in
399 3621 508 3685 quodem
520 3621 644 3670 hendecs·
682 3621 744 3668 tium
756 3619 832 3679 ostis,
842 3623 932 3668 ostreis
944 3621 1083 3670 ebsindant.
1112 3624 1205 3673 Earum

118 3699 218 3764 syllabo
237 3698 368 3747 Pltsloecio
388 3697 523 3759 Priapeor.
558 3696 644 3759 Virgi·
681 3694 808 3754 maxime,
828 3703 855 3742 et
874 3698 881 3722 ⁴
898 3695 1084 3761 tridacnae'(ut
1102 3698 1145 3747 ille
1162 3713 1205 3762 sp·

119 3777 168 3825 iius
181 3779 266 3823 autem
287 3785 363 3835 qurum
383 3770 449 3820 dixit
468 3772 550 3834 primo
561 3771 642 3821 Geor·
681 3770 760 3832 pellet
778 3769 846 3832 opud
866 3771 977 3819 Plinium
994 3772 1060 3820 libro
1077 3773 1205 3823 tricesimo

119 3850 210 3912 pinon:
229 3848 356 3908 'Pontum
375 3854 403 3895 et
424 3845 537 3895 ostriferi
555 3844 643 3896 snuces
680 3844 927 3906 oeconomorum,
947 3861 1002 3909 quse
1014 3847 1047 3895 ob
1059 3849 1205 3911 amplitudi-

117 3930 252 3975 tentantur
262 3919 365 3985 Abydi:
377 3922 478 3971 temetsi
486 3929 558 3970 vetns
566 3921 642 3971 etiam
680 3922 756 3968 nem‘
771 3928 810 3967 ter
823 3919 986 3970 mordendse’
1005 3922 1107 3984 essent)
1124 3936 1156 3972 ex
1173 3923 1204 3971 iis

118 4007 304 4050 commentator
320 4001 328 4026 ‘
346 3996 507 4047 ostrifernm'
526 3997 642 4060 exponit.
679 3995 742 4044 locis
753 4004 914 4055 esuriuntur,
929 4010 986 4058 qtrae
997 4009 1127 4060 nunquam
1138 4014 1204 4063 aqne

118 4075 143 4121 in
152 4090 202 4137 qim
212 4076 344 4138 plurimum
352 4079 492 4123 ostrearum
505 4071 547 4133 sit,
555 4085 641 4135 quem·
679 4070 795 4131 detegit:
807 4070 956 4118 etvocitant
966 4071 1092 4121 Santones
1104 4081 1204 4122 ostreas

118 4148 252 4200 admodum
269 4158 297 4199 st
313 4150 339 4199 in
356 4163 394 4198 vs.
406 4147 564 4211 octogesimo
573 4163 640 4198 nono
679 4159 710 4193 ex
733 4147 821 4206 draps,
841 4158 855 4191 n
874 4145 933 4205 reti,
955 4159 1005 4208 quo
1030 4149 1204 4214 susceptum,
