2804 4764
216 294 283 362 md
567 311 675 360 sturm
700 309 896 359 santonum
920 312 959 360 rs

217 454 261 505 do.
280 453 386 504 Vinctus.
777 450 917 514 clpientem
943 450 1115 500 commendat.
1154 450 1198 499 Its
1224 451 1305 500 etiam

252 527 301 578 No.
324 532 380 577 ito.
414 532 436 577 l.
454 527 492 576 lie
506 524 600 588 fruere]
627 526 668 574 Ex
685 524 743 573 bie«
777 526 921 576 Martialis:
947 526 1090 575 ‘Nondum
1112 525 1207 589 lingua,
1229 537 1306 575 snuns

217 602 325 666 usudro,
342 605 390 652 boo
406 615 555 650 convenam
571 614 637 661 esse,
655 605 742 649 mouet
777 601 871 652 dextre
892 603 993 665 peregit
1012 602 1093 666 opus!
1124 604 1160 651 Et
1180 601 1306 651 Manilius

219 677 327 728 titulus:
353 677 398 726 sed
409 677 465 739 ejus
484 674 568 739 pob'tae
588 676 649 724 nibil
661 681 742 737 extat,
777 677 875 727 libre.
906 677 978 726 ‘llic
997 678 1152 740 etscriptor
1171 675 1308 735 etruscus.

218 759 315 818 preter
333 753 430 817 aliquot
446 755 598 814 morentiae,
617 767 679 817 quas
689 753 742 802 suis
777 752 820 801 cui
830 752 904 800 litere
924 752 1097 812 verbumst,
1116 751 1218 816 Quique
1234 751 1306 801 notis

179 854 183 858 ·
217 827 322 890 seriptis
356 826 466 877 Veteres
499 827 543 877 elii
569 829 742 877 inseruerunt.
777 826 887 890 linguam
900 833 1014 890 superet,
1027 841 1182 891 cursumque
1197 828 1306 890 loqueu-

218 902 314 952 Grmea
330 917 391 952 sero
402 904 456 965 ills,
474 919 532 969 quse
545 905 656 953 Lucieno
674 903 743 954 libro
778 901 820 960 ris,
832 902 970 965 Excipiens
985 902 1073 964 longas
1085 915 1152 950 uorx
1169 915 1219 964 per
1234 914 1306 951 cour·

217 976 302 1042 primo
320 978 538 1042 Epigrsmuretum
559 979 754 1040 inscribuntur,·
779 975 976 1038 pendiaroces.'
1003 977 1085 1026 Erunt
1100 976 1306 1026 sutemdnorum

217 1049 325 1102 Ausonii
341 1054 439 1103 Latinis
454 1055 556 1103 omniuo
574 1056 743 1104 conveniunt:
778 1066 914 1113 generum:
937 1052 966 1114 ii,
977 1052 1019 1117 qni
1031 1054 1108 1114 notis,
1119 1053 1221 1116 proprie
1232 1058 1308 1101 nota»

212 1123 743 1191 'memtdpmosedsocisdpotimdrtscoa
779 1129 823 1176 riir
850 1127 912 1177 item
932 1128 1063 1191 singulurii
1082 1130 1109 1189 ii,
1129 1130 1173 1191 qni
1195 1128 1306 1191 singulis

217 1201 261 1252 ‘ns
277 1202 303 1251 ti
320 1203 460 1266 &eodm
476 1206 553 1266 patum
569 1210 617 1256 oso
633 1206 742 1258 mm,
777 1201 936 1263 scribebant,
943 1217 1000 1266 quae
1011 1201 1110 1262 σίγγλιιι
1121 1202 1244 1252 dicuutur
1254 1203 1307 1251 Im·

213 1277 375 1344 'lorsd'drbp
390 1279 659 1344 oopbsobros,bsdupo
669 1284 743 1332 ταῦτα
779 1279 893 1342 perstori
912 1278 1069 1329 Justiuisuo.
1102 1277 1189 1327 Graeci
1205 1276 1305 1341 duplex

218 1353 313 1418 νήσω,
328 1358 405 1405 dado?
421 1358 459 1407 sci
475 1356 563 1423 δαπάνῃ
581 1356 665 1422 μέτρον
675 1359 743 1421 tpqp
778 1368 858 1417 penus
876 1356 1030 1417 scriptorum
1053 1353 1244 1417 commendent,
1260 1360 1307 1404 ant

216 1429 315 1491 Moero.
347 1433 478 1482 isocrates
496 1432 644 1495 Demouieo‚
660 1434 742 1496 patris
777 1426 831 1478 ruis
841 1426 973 1491 γράφονται
982 1426 1014 1477 sis
1024 1426 1121 1488 κᾶλλοι,
1131 1442 1196 1492 quos
1208 1428 1216 1456 ‘
1228 1425 1306 1476 eorr-

216 1508 408 1572 suillippouici
426 1510 570 1570 exemplum
587 1522 743 1571 proponens,
778 1504 1116 1568 quurios’dicirnounimus;
1131 1499 1240 1553 actoris
1247 1502 1307 1566 ‘epd-

217 1580 270 1631 ossi
280 1581 323 1631 sir
331 1583 434 1631 πλοῦτον
448 1583 591 1647 npoeolpau
608 1582 744 1645 indrodu-
778 1578 997 1642 donoselrrdxos,
1007 1579 1307 1644 quidicunturNotsriis

217 1657 285 1722 quit,
306 1657 363 1706 ἀλλ’
380 1655 482 1706 ἀπέλαυε
498 1656 542 1718 pis
558 1661 605 1707 reis
623 1657 744 1720 rupim
780 1671 887 1720 quorum
905 1656 1007 1707 nomine
1025 1661 1115 1705 extant
1133 1652 1270 1714 mers
1286 1653 1306 1703 l.

217 1733 318 1796 ὄγιθυι,
339 1734 370 1783 ds
389 1734 479 1795 θηγιιι,
498 1735 634 1795 ἐπιμελοῖτο
652 1734 678 1785 tt
696 1738 743 1784 eois
778 1747 817 1783 vr
846 1734 1066 1796 Epigrammstum
1088 1730 1308 1779 Graecsuioornm.

216 1808 378 1873 ὑπαρχόντων,
387 1811 418 1860 ds
427 1809 548 1861 deberes
574 1812 668 1875 Neque
679 1812 743 1861 diss
778 1808 893 1871 Scaliger.

216 1885 266 1935 tiss
278 1885 424 1950 importune
432 1886 743 1948 amabat,sedlruebatur
813 1886 930 1936 Notorum
944 1881 1084 1947 propalam]
1109 1840 1243 1929 Vatusium
1258 1894 1307 1929 no-

217 1960 321 2026 quidem
340 1962 509 2024 presentibus
529 1963 611 2023 bouis,
627 1971 657 2012 ut
675 1976 743 2012 mor·
779 1966 877 2010 terum:
902 1960 1027 2009 velociter
1046 1956 1177 2021 excipiens
1194 1962 1222 2004 et
1241 1956 1306 2003 scri·

218 2036 292 2087 tells:
312 2037 419 2086 cnrabst
435 2051 496 2086 sero
508 2050 646 2101 snssopes,
658 2039 743 2087 ntim·
779 2037 842 2085 bens
858 2051 916 2100 qne
928 2037 993 2085 alins
1003 2035 1096 2085 dictat.
1128 2032 1307 2083 aratoriasde

216 2113 341 2162 mortslis.
361 2112 468 2160 Vinctus.
778 2112 841 2162 Tito
853 2112 1030 2175 Vespasiano:
1052 2111 1095 2159 ‘E
1110 2108 1226 2173 pluribus
1236 2120 1314 2157 cum--

253 2189 288 2237 Ut
308 2192 379 2235 sotus
399 2187 516 2250 mortalis]
548 2188 639 2238 Cicero
661 2190 678 2238 1.
697 2203 742 2238 ιιι.
779 2190 844 2252 peri,
860 2189 928 2236 uotis
944 2201 1045 2251 quoque
1064 2187 1181 2248 recipere
1196 2185 1307 2233 velocis·

216 2260 296 2311 Tusc.
308 2263 342 2313 Q.
354 2266 393 2311 17.
421 2263 505 2315 ‘Qum
525 2265 655 2313 umeuiur
673 2264 745 2313 dicet
779 2262 975 2313 simesolitum!
1008 2261 1306 2326 cujusmodlnotimne·

217 2336 358 2401 dupliciter
377 2346 404 2386 te
422 2351 478 2387 esse
497 2338 629 2401 injustum,
647 2354 705 2388 cum
717 2347 745 2389 et
779 2339 841 2387 misi
860 2338 963 2387 dubium
983 2351 1040 2387 esse
1056 2337 1144 2400 debet,
1162 2335 1223 2400 quiu
1243 2341 1306 2385 ante

218 2412 328 2461 silenum
340 2419 457 2476 appetas,
471 2413 515 2477 qni
535 2415 651 2463 mortalis
667 2422 743 2464 natus
780 2414 932 2463 Ciceronem
952 2427 1054 2478 quoque
1073 2413 1111 2461 illi
1130 2412 1169 2460 usi
1181 2411 1305 2476 xuut‚qui

217 2488 391 2538 conditionem
411 2491 527 2552 postules
548 2490 744 2539 immortalium.¹
779 2503 812 2538 ex
830 2489 885 2551 ipso
904 2488 1044 2537 dicentium
1063 2502 1109 2537 ore
1125 2488 1253 2536 orationes
1269 2493 1307 2536 to·

215 2563 316 2613 Eadem
338 2562 394 2614 iere
421 2564 541 2629 loquendi
566 2564 649 2628 ligura
676 2566 744 2615 dixit
780 2566 1124 2628 tsseacapissetraduumrz
1140 2562 1306 2628 quemadmo-

217 2638 343 2702 Vlrgilius
354 2640 398 2689 lib.
412 2640 541 2690 1.AEueid.
558 2641 697 2706 ‘Quisquis
705 2656 744 2704 es,
779 2640 839 2689 dum
856 2642 932 2690 bodie
950 2649 1010 2690 suut
1025 2641 1052 2690 iu
1064 2641 1229 2704 parlamentis
1247 2653 1306 2689 uos·

216 2711 283 2764 bonu
295 2714 374 2764 credo
392 2714 488 2763 inrisus
506 2715 653 2764 celestibus
670 2729 744 2766 surus
780 2717 838 2778 tris,
854 2717 897 2781 qui
918 2714 1029 2775 faciunt,
1051 2715 1167 2765 Actuarii
1188 2715 1305 2765 miranda

216 2789 316 2837 vitales
325 2803 426 2852 corpis
430 2788 477 2838 sd
488 2797 538 2851 est
547 2805 644 2840 invisus
656 2807 700 2842 es
717 2802 745 2844 et
779 2793 894 2850 solertia,
904 2799 934 2840 ut
950 2792 1041 2840 scribit
1060 2790 1190 2840 Budaeus
1182 2805 1208 2839 ru
1225 2805 1305 2840 anuo·

215 2862 343 2913 Pisandrus
354 2864 431 2915 lib
413 2864 534 2929 ‘Ego
545 2880 654 2929 primam
672 2868 744 2930 sollo,
779 2866 935 2926 tationibus,
947 2879 1031 2914 omnis
1040 2865 1224 2928 propemodum
1233 2865 1307 2916 dscta

215 2923 404 3006 imminorqulx
421 2942 486 3003 leo;’
512 2943 538 2992 ld
557 2951 607 3002 est,
624 2945 683 3008 quia
701 2947 744 2994 leo
779 2943 1081 3007 advocatorumquoque,
1089 2939 1306 3029 nedumJndicum

217 3023 281 3065 sum.
306 3014 435 3067 Idcmlib.
449 3031 493 3067 ιιι.
511 3018 743 3085 ‘Viruatusquod
779 3020 951 3082 excipientes
980 3018 1031 3067 Vix
1058 3016 1127 3066 eninr
1148 3015 1306 3066 crediderim

216 3100 271 3139 rem
287 3091 437 3143 seminarum
456 3095 601 3158 attigerltr'
622 3096 743 3163 adquam
779 3094 896 3158 culquam
914 3107 1024 3158 unquam
1045 3091 1125 3143 luisse
1140 3099 1239 3142 mutam
1250 3107 1305 3144 mx·

216 3167 291 3231 plure
302 3169 439 3232 Rigaltins.
472 3171 626 3235 Apollonius
642 3175 744 3239 nysco·
779 3183 826 3219 ¹¹⁰⁸
838 3171 991 3234 agilitatem,
1010 3176 1040 3218 ¹²⁸
1057 3169 1171 3233 Ρθῑῦθῐῑῑ
1186 3169 1307 3230 omnibns

215 3243 256 3292 lus
268 3244 294 3292 iu
305 3244 393 3295 libello
402 3245 436 3295 de
452 3246 572 3297 Pronum.
584 3248 635 3298 Mu.
647 3250 673 3298 in
691 3264 742 3313 quo
778 3247 831 3296 suis
858 3246 952 3296 litteris
975 3247 1075 3310 singula
1096 3245 1206 3295 dicentis
1224 3246 1306 3296 verbs
1379 3282 1382 3288 -

216 3318 335 3368 Corinna
348 3320 443 3369 verbs:
471 3318 595 3383 tripoopas
611 3323 743 3384 {merda
778 3323 899 3388 subsequi
916 3331 943 3374 et
958 3324 1088 3386 excipere.
1120 3322 1218 3372 Priscis
1241 3335 1306 3385 expo

215 3393 314 3456 λιγυρὰν
324 3395 437 3458 tlvpride,
445 3394 481 3443 dri
491 3395 553 3452 βάνιι
561 3399 625 3459 pios
632 3396 677 3453 lde
687 3404 742 3448 nis·
778 3398 945 3462 scriptoribus
957 3413 1043 3462 perum
1055 3405 1213 3460 compertum
1224 3394 1307 3446 fuisse

215 3466 293 3530 Mposo
302 3469 357 3517 ποτ’
375 3468 429 3532 ipss.
461 3471 603 3534 Sophocles
621 3475 741 3526 Electrae
778 3475 862 3537 video,
873 3474 1014 3538 quisnotas
1033 3474 1089 3522 illas
1099 3471 1305 3535 compendiarias

216 3541 323 3605 ulcorra
338 3544 421 3596 treats
437 3546 492 3594 dor·
503 3546 580 3610 ἀρκεῖν
595 3548 680 3610 φίλοις.
698 3550 743 3599 ubi
779 3551 874 3613 primus
894 3555 1052 3599 commentus
1073 3549 1117 3598 sit.
1156 3551 1255 3597 Seneca
1271 3547 1306 3596 sd

216 3618 390 3670 scholiastae:
413 3619 524 3684 πέφυκεν,
543 3624 616 3683 ἤγουν
634 3623 740 3688 ὑπάρχει.
780 3625 914 3675 Lucillium
926 3624 986 3672 libri
996 3622 1176 3688 quartidecimi
1188 3623 1306 3686 Epistol·

216 3692 289 3743 idem
301 3695 413 3745 ibidem:
432 3696 490 3754 rori
501 3695 544 3757 tais
553 3699 600 3747 oid·
610 3699 667 3762 ἀνὴρ
677 3700 741 3762 ἔφυς.
778 3700 907 3749 secunda:
940 3699 1030 3752 ‘Quid
1059 3697 1195 3747 verborum
1222 3704 1306 3760 notas,

248 3768 300 3820 No.
312 3774 368 3819 146.
402 3774 441 3820 Ad
462 3773 600 3836 Notarium]
633 3776 661 3825 si
683 3778 741 3841 quia
778 3775 1086 3841 quibusquamriscitata
1102 3775 1233 3839 excipitur
1249 3790 1307 3827 ora·

216 3850 334 3896 aarum
344 3846 378 3895 de
393 3845 524 3896 litererum
536 3850 604 3898 uotis
614 3865 741 3901 commeo·
778 3853 825 3914 tio,
840 3860 868 3901 et
878 3852 1038 3902 celeritatem
1050 3851 1146 3914 lingum
1164 3865 1256 3900 manns
1267 3865 1306 3900 se·

216 3921 341 3971 tationem
358 3920 498 3985 desideret,
509 3924 587 3974 adeat
598 3926 711 3990 Lipsium
722 3930 741 3978 i.
778 3929 880 3993 quitur?
911 3927 1099 3976 Vilissimorum
1120 3926 1305 3989 mancipiorum

215 4009 237 4045 r.
246 3997 331 4060 Epist.
341 3997 374 4048 ad
385 3999 480 4063 lielgss
488 4001 537 4064 Ep.
545 4005 586 4052 et.
777 4006 828 4054 ista
849 4010 995 4054 commenta
1014 4002 1090 4052 sunt!
1133 4002 1175 4052 Sic
1197 4001 1306 4053 Seneca.

249 4073 350 4122 lPuer
366 4075 487 4138 ιιιιιιιιιιι]
514 4077 623 4142 Elegaus
639 4087 680 4130 est
695 4081 742 4130 Dl-
779 4080 933 4130 Plutarchus
942 4093 1005 4129 sero
1016 4080 1043 4129 ln
1055 4080 1163 4130 Catonis
1174 4079 1306 4130 Uticensis

215 4147 316 4214 metria,
324 4163 375 4213 qrra
394 4152 528 4204 Notarium
547 4155 680 4208 celerrime
696 4173 741 4209 ex·
778 4156 971 4222 sits,blsrcnm
979 4155 1092 4207 Tullium
1104 4155 1256 4208 Ciceronem
1266 4157 1305 4208 iu·
