2804 4764
150 320 236 385 1382
472 335 662 386 asouusus
701 336 914 386 anrrrouurr

148 487 207 546 vita
227 493 257 545 et
279 483 394 562 scriptis
421 484 552 557 Ausonii,
577 485 697 546 editioni
720 486 759 546 ael
782 506 866 546 usum
888 445 1026 565 Delphini
1050 487 1183 566 prefixa
1207 511 1240 568 p.

148 597 280 641 xxxin.
302 583 380 642 Huic
403 583 452 645 ed.
475 580 592 660 praefuit
615 583 792 643 Bartholom.
815 581 1000 655 Girardiuus,
1021 584 1074 661 qui
1097 583 1241 644 lectoren

145 676 187 735 ita
207 678 381 755 alloquitur:
405 678 453 740 ‘O
475 681 626 738 Musarum
645 681 738 739 cultor
752 678 885 756 quisquis
908 697 951 748 es,
976 677 1102 737 Ausonii
1125 679 1240 738 Paeonii

145 772 383 851 Epigrammatou
405 773 533 833 libellum
548 774 673 844 intuens,
688 784 797 851 quanta
817 772 956 832 fuerimus
970 772 1126 834 sedulitate
1142 774 1191 834 usi
1211 774 1239 832 io

143 865 198 937 liis,
212 886 277 944 quae
291 877 352 927 tum
367 866 403 926 ad
420 868 602 937 Graecarum,
616 876 678 927 tum
692 868 730 927 ad
742 867 906 928 Latinarum
917 868 1065 929 literarum
1075 869 1238 930 editionem

17 970 20 976 '
144 961 301 1037 pertinent,
315 961 453 1021 advertas
467 964 639 1038 precamur!

183 1059 276 1130 (1474
297 1059 416 1127 Veneta,
430 1075 478 1133 ap.
493 1056 542 1116 Jo.
565 1054 733 1114 Toouiuuur
755 1054 793 1114 de
816 1054 946 1114 Tridino.
962 1057 1074 1117 Notata
1098 1057 1235 1118 Fabricio

144 1167 179 1206 es
193 1149 269 1210 Bibl.
284 1150 324 1210 du
338 1151 426 1220 Boze,
441 1150 466 1208 si
479 1167 616 1209 uumerus
631 1150 693 1208 siue
708 1150 776 1208 vitio
791 1152 860 1224 est.)

184 1251 262 1313 1490
281 1245 507 1304 Mediolanensis
544 1261 567 1304 1.
602 1244 652 1302 fol.
678 1243 802 1302 Ausonii
826 1251 923 1321 po'etae
947 1263 1044 1321 opera.
1088 1248 1123 1306 lo
1153 1247 1232 1307 liae:

142 1340 374 1416 ‘Explioiuutea
388 1340 509 1401 Ausonii
525 1340 696 1417 fragmenta,
720 1359 786 1417 quae
810 1339 917 1410 invida,
930 1349 1038 1398 cuncta
1056 1343 1231 1415 corrodens,

141 1443 268 1495 vetustas
282 1436 320 1495 ad
334 1443 434 1496 manus
445 1445 561 1495 nostrus
574 1435 672 1493 venire
688 1433 828 1510 permisit.
850 1432 1009 1492 Mediolani
1022 1434 1167 1512 impressa
1180 1458 1233 1516 per

140 1531 308 1608 magistrum
331 1531 501 1592 Ulderioum
525 1530 745 1599 Sciuzeuzeller,
769 1533 806 1588 A.
830 1531 869 1588 D.
889 1538 978 1600 1490.
1001 1528 1049 1589 die
1066 1539 1114 1591 15.
1138 1534 1232 1610 Sept·

139 1625 208 1683 vid.
223 1627 302 1686 Sarii
323 1627 390 1688 bist.
403 1626 449 1686 lit.
471 1636 535 1705 typ.
559 1625 682 1685 Mediol.
709 1645 741 1702 p.
764 1632 833 1691 587.
869 1625 953 1684 Hauc
967 1624 1016 1684 ed.
1040 1627 1158 1686 curavit
1171 1629 1229 1688 Jul.

138 1720 214 1780 AEm.
236 1722 391 1792 Ferrarius,
406 1721 531 1781 historia
544 1719 703 1789 Professor,
719 1719 769 1797 qui
788 1721 829 1778 ita
843 1720 869 1778 ei
883 1719 1042 1797 praefatur:
1065 1723 1127 1781 ⁴1).
1143 1723 1229 1801 Mag·

137 1814 168 1871 ui
183 1816 305 1875 Ausonii
320 1818 413 1894 poiitoe
427 1835 544 1876 carmen
570 1835 702 1875 mancum
726 1826 755 1874 et
780 1814 943 1874 mutilatum
970 1834 1037 1873 oum
1062 1816 1227 1877 evolverem

137 1927 274 1969 unacum
289 1911 458 1971 doctissimo
481 1912 570 1990 poeta
588 1912 637 1970 Jo.
650 1911 753 1988 Steph.
768 1911 866 1979 Cotta,
881 1910 1130 1990 depravatumque
1145 1913 1228 1972 codi-

136 2023 199 2063 cem
221 2006 402 2066 librariorum
427 2007 541 2065 iuscitia
562 2006 761 2076 offendissem,
776 2025 831 2082 pro
855 2005 926 2063 virili
951 2016 1035 2082 parte
1059 2007 1228 2079 emendari,

55 2108 61 2135 ¹
137 2101 335 2179 castigavique
359 2111 390 2162 ut
411 2102 637 2179 impressoribus
659 2100 1005 2176 traderem-adjecimus
1027 2121 1063 2160 ex
1090 2103 1226 2180 catalogo

135 2194 291 2255 illustrium
312 2197 426 2255 urbium
444 2196 585 2254 nonnulla
607 2207 746 2273 excerpta
771 2195 998 2272 Epigrammata,
1021 2215 1089 2272 quse
1113 2197 1225 2276 Georg.

135 2290 249 2349 Merula
267 2291 439 2370 polyhistor,
452 2300 615 2368 preceptor
628 2291 794 2349 noster—in
810 2288 988 2348 bibliotheca
1000 2288 1060 2347 divi
1076 2291 1227 2370 Eustorgii

133 2384 245 2461 primus
269 2385 435 2463 indagavit'
473 2386 508 2442 ln
533 2383 590 2444 fine
607 2384 726 2444 Ausonii
741 2384 865 2459 adjicit:
897 2383 1224 2446 ‘Habes—Ausonium

134 2476 432 2554 impressum-quem
448 2479 471 2536 si
486 2480 678 2555 depravatum
689 2478 858 2548 offenderis,
872 2487 935 2536 tum
957 2477 1165 2556 impressorum
1182 2481 1226 2541 iu·

132 2572 232 2644 ouriae,
247 2582 307 2631 turu
326 2572 395 2629 milri
416 2571 640 2649 competitorum
664 2573 872 2631 certaminibus
895 2583 1010 2642 vexato,
1025 2583 1057 2633 et
1075 2575 1151 2634 curis
1177 2579 1223 2636 iu·

130 2653 381 2743 gentibusobruto
393 2667 560 2744 imputabis,
575 2669 626 2745 qui
642 2668 860 2744 impressoribus
874 2668 1009 2737 assidere,
1024 2686 1080 2728 neo
1095 2687 1222 2747 praeesse

130 2761 230 2838 quivi!

171 2865 249 2926 1494
270 2859 380 2915 Veneta
392 2872 431 2914 11.
446 2856 496 2915 fol.
511 2856 634 2914 Ausonii
652 2855 757 2914 Paeooii
768 2861 865 2932 po'e'tae
874 2853 1054 2913 disertissimi
1066 2855 1221 2933 Epigram-

126 2960 216 3009 mata.
258 2953 290 3009 lu
317 2952 392 3010 line:
416 2953 606 3028 ‘Expliciuot
630 2971 664 3008 ea
689 2952 809 3009 Ausonii
834 2951 1005 3028 fragmenta,
1028 2970 1095 3028 quae
1117 2953 1220 3012 invida

126 3055 234 3103 cuncta
248 3046 405 3104 corrodens
420 3055 549 3104 vetustas
570 3046 605 3103 ad
622 3064 723 3103 suanus
739 3054 849 3102 nostras
863 3045 960 3104 venire
975 3047 1116 3121 permisit.
1159 3049 1219 3107 Ve-

125 3140 208 3198 netiis
223 3140 362 3217 impressa
378 3161 427 3215 per
442 3142 609 3217 magistrum
625 3144 764 3201 loannem
780 3140 816 3198 de
832 3142 950 3212 Cereto,
965 3141 1036 3199 alias
1048 3140 1217 3202 Taouiuum

124 3233 161 3290 de
175 3234 304 3291 Tritino.
347 3239 432 3292 Auno
453 3237 574 3294 Domini
591 3235 882 3294 uccecxcnmdie
898 3236 1110 3311 x1.Augusti.’
1153 3239 1216 3298 Ra·

121 3326 236 3385 rissima
248 3328 311 3386 baec
326 3328 375 3386 ed.
390 3340 491 3388 curata
502 3350 554 3406 per
568 3330 693 3387 eundem
706 3329 875 3398 Ferrarium,
885 3338 915 3386 et
929 3327 1065 3387 dedicata
1074 3331 1215 3392 Ambros.

121 3421 244 3492 Varisio,
267 3423 423 3481 Art-blatto
438 3425 515 3481 Duc.
543 3433 675 3482 servatur
700 3425 727 3481 iu
752 3422 827 3481 Bibl.
843 3422 900 3480 civ.
914 3423 1126 3483 Rutisboueusi.
1141 3428 1215 3487 viu.

120 3515 189 3574 Car.
203 3517 320 3576 Theod.
335 3519 507 3577 Gemeiners
528 3519 726 3577 Naclrriclrteu
749 3538 804 3576 von
820 3519 877 3576 deu
898 3517 926 3576 iu
951 3519 1005 3577 der
1026 3520 1213 3595 Regeusbur·

119 3609 239 3687 gisebeu
263 3612 515 3672 Stadtbibliotlrelr
541 3614 735 3673 befindlichen
758 3615 886 3673 selteueu
910 3614 1042 3672 Biicheru
1068 3634 1120 3674 aus
1140 3615 1211 3675 dem

118 3705 314 3765 l'uufzebnden
330 3709 537 3769 Jalrrlruudert.
553 3711 698 3787 Regeusb.
718 3716 803 3777 1785.
818 3728 848 3785 ρ.
864 3717 932 3769 228.
942 3728 986 3786 sq.

160 3798 239 3871 1496
261 3804 369 3861 Veneta
401 3819 454 3863 111.
476 3804 525 3864 fol.
549 3825 601 3882 per
624 3809 670 3865 Jo.
694 3805 860 3863 Tacuinum
889 3805 926 3861 de
948 3802 1207 3868 Tridiuo.—Haec

118 3905 164 3955 est
178 3895 272 3972 prinia
287 3898 395 3973 Georg.
412 3899 546 3971 Merulae,
562 3901 591 3960 li.
607 3920 635 3958 e.
648 3919 716 3959 oum
728 3899 792 3976 ejus
806 3898 997 3976 praelationes
1019 3917 1086 3956 uam
1103 3918 1207 3960 reocu-

117 3991 159 4047 sio
174 3999 204 4047 et
217 3992 385 4051 emendatio
397 4001 492 4051 textus
507 4003 553 4053 est
568 3995 688 4053 Hieron.
704 3994 830 4062 Avantii,
846 4000 879 4051 ut
894 3992 1009 4050 Merula
1023 3992 1052 4049 in
1067 3993 1115 4052 illa
1129 4015 1206 4073 prae·

114 4082 223 4142 satione
238 4084 320 4146 dicit.
362 4087 496 4146 Ceterum
512 4087 622 4148 fallitur
635 4088 673 4148 cl.
684 4087 834 4148 Ernestius
848 4087 878 4144 in
895 4086 969 4146 Bibl.
984 4089 1051 4146 Lat.
1066 4090 1116 4166 qui
1131 4110 1205 4149 eon·
