2804 4764
151 297 238 363 1234
501 307 607 358 noun
633 304 832 377 vauronuat
856 303 895 352 rr

152 453 222 504 tima’
233 457 272 500 eat
291 450 422 512 ‘aeptunx
432 446 450 496 i’
469 445 569 499 Novem
580 453 608 495 et
619 458 680 509 qua·
716 443 864 507 egrediatur
878 458 926 494 nec
943 442 1068 506 exundet,
1090 443 1137 495 red
1155 459 1202 494 aua
1215 459 1242 495 ae

152 529 273 591 draginta
298 527 429 575 unciarum
452 522 523 572 foret
547 537 584 583 aa,
610 519 681 582 cujna
717 526 809 582 aponte
831 520 899 568 iutra
924 533 983 567 arros
1009 517 1074 567 linea
1100 521 1244 570 contiueat.

151 619 211 668 para
229 603 340 665 septima
357 600 441 648 unciae
461 602 561 659 reptem
584 600 682 644 errent.
719 595 796 644 Hunc
815 610 872 644 eoae
889 610 992 644 aeuaum
1008 596 1059 645 loci
1073 595 1150 659 bujna
1165 605 1243 660 puto:

153 678 266 729 Gordius
278 677 319 725 bic
330 674 421 735 nodus,
433 678 461 722 et
472 670 615 720 Alexandri
627 670 680 732 gia·
717 685 859 735 quanquam
881 685 930 719 uon
952 671 1036 731 video,
1058 671 1120 735 quid
1138 671 1189 720 aibi
1208 672 1244 721 aie

153 756 196 804 dio
216 754 322 815 indiget.
355 747 484 797 Veniebat
503 748 528 796 in
551 753 680 795 mentem:
717 746 928 796 relitAuaoniua.
960 746 1001 795 Ao
1012 746 1075 794 illud
1088 746 1168 794 Plinii
1182 746 1246 796 libro

153 839 176 883 et
187 833 256 880 aiexi
263 843 321 894 pora
329 843 376 876 aao
386 830 409 875 et
419 825 492 874 tertio
499 818 617 886 reptare:
633 823 681 872 hoe
718 823 832 872 aecrrndo
843 823 867 872 N
871 831 939 872 atur.
950 822 1020 871 Hiat.
1032 821 1069 869 cic
1081 821 1246 872 intellexerat

154 916 206 969 eat,
215 914 242 956 et
250 910 362 968 septunx
371 901 455 949 nollua
466 899 525 956 erit,
537 899 559 947 ri
569 898 611 948 cui
623 911 681 962 per·
719 897 866 948 Autronius?
884 900 892 926 ⁸
905 897 1048 961 octogenis
1060 897 1158 946 enbitis
1169 913 1246 962 aupra

153 983 216 1032 ierit
237 983 317 1043 ‘para
334 975 430 1037 tertia,'
449 976 498 1025 lroc
519 980 569 1036 eat,
594 976 683 1035 trient,
719 975 880 1024 Britanniam
899 975 1071 1023 intumescere
1091 981 1182 1036 natur,
1197 974 1248 1038 Py·

153 1059 208 1108 aive
226 1063 336 1121 quatuor
353 1053 446 1114 uncie,
464 1053 513 1100 ‘at
528 1049 596 1112 una,'
608 1049 682 1098 uncia
719 1052 792 1102 theaa
811 1051 981 1101 Maaailieuaia
1000 1057 1090 1100 auctor
1108 1051 1166 1102 eat!
1199 1052 1248 1115 Py·

155 1134 269 1183 acilicet:
297 1144 354 1194 qum
372 1130 471 1191 jnuctae
492 1126 591 1176 faciunt
609 1125 682 1190 quiin·
719 1128 786 1176 tbeae
797 1128 891 1177 Graeca
906 1128 1013 1177 bominis
1030 1128 1099 1177 Galli
1116 1129 1247 1179 uucioan

156 1224 274 1259 concern.
290 1209 330 1256 Ex
337 1214 464 1270 septunce
475 1213 561 1255 autem
573 1210 601 1252 et
609 1202 682 1267 quin·
714 1203 821 1265 ,legerat
838 1202 978 1263 Anaouiua,
996 1204 1141 1268 inquorum
1152 1205 1249 1254 amiral-

157 1292 239 1336 cuutce
251 1291 353 1332 constat
362 1296 399 1332 aa.
419 1281 560 1330 Groaooiar.
720 1294 769 1328 one
781 1295 897 1343 maguam
905 1281 1036 1344 jacturam
1048 1279 1169 1332 fecerunt
1181 1284 1249 1333 litta-

188 1365 221 1410 26
238 1361 322 1408 Totam
340 1359 361 1407 ri
376 1359 442 1407 uado
457 1357 483 1405 ia
499 1362 569 1419 porte
580 1353 684 1416 occillet]
721 1369 757 1404 rue
776 1356 977 1419 Geograplrieae:
1003 1364 1118 1406 ceterum
1133 1357 1160 1406 in
1172 1359 1249 1408 Plinii

157 1433 513 1495 Sitotiuauulladeaitpara.
534 1431 613 1480 Viaet.
721 1431 838 1481 oratioue
863 1433 925 1482 illud
955 1434 1050 1497 ‘supra
1071 1433 1250 1495 Britannicar,'

189 1516 221 1563 27
247 1513 280 1560 Et
302 1525 415 1574 oqumnm
435 1509 520 1572 Libro]
550 1510 558 1536 ⁴
581 1507 684 1557 bibrum
723 1509 904 1559 nihilneceaae
923 1516 1012 1566 ert,ut
1031 1510 1161 1574 algnitiuet
1181 1525 1250 1560 mare

159 1586 297 1653 aquariam'
323 1586 439 1649 appellat
462 1583 597 1634 Vitruvius
620 1584 685 1632 libro
723 1585 799 1634 altior
810 1584 993 1648 aublimiuaque
1005 1587 1057 1636 illic
1068 1600 1125 1635 eane
1137 1586 1252 1650 aliquan·

159 1670 261 1723 octaro,
271 1677 321 1726 qua
334 1659 463 1721 librabant
480 1660 527 1721 illi,
546 1673 685 1723 cognosce·
723 1659 756 1709 do
768 1674 813 1708 auo
824 1660 921 1718 littore,
929 1670 956 1709 et
969 1670 1037 1709 terra
1048 1662 1105 1724 ipra
1115 1661 1252 1710 Britannia

159 1739 283 1801 bautque,
298 1751 361 1801 quas
381 1734 560 1800 perducebant
572 1734 603 1782 ed
615 1733 687 1783 labi·
723 1735 815 1796 inania,
825 1735 893 1784 aicot
903 1736 970 1786 dixit
985 1737 1077 1785 Cicero
1093 1737 1210 1786 recondo
1220 1737 1251 1786 tle

159 1814 271 1864 tationes
290 1814 435 1878 moeniaque
456 1827 545 1877 aquae,
565 1817 686 1875 quantum
724 1811 827 1860 Natura
838 1812 964 1872 Deorum,
974 1811 1049 1861 Mare
1064 1824 1144 1874 aupra
1155 1819 1250 1860 terram

160 1888 401 1952 faatigiilraberent.
419 1887 495 1936 Idem.
724 1899 779 1935 eaae
794 1885 886 1934 eitum:
912 1886 958 1933 aed
976 1885 1089 1950 ‘snpra’
1108 1885 1150 1934 lric
1170 1885 1253 1950 accipi

192 1968 224 2013 28
243 1965 295 2012 Nec
313 1968 348 2012 eat
358 1961 475 2024 Malea]
502 1962 614 2013 Omnem
635 1974 688 2009 mo·
726 1968 813 2024 potest
833 1975 880 2023 pro
902 1961 1006 2022 ‘ultra,'
1024 1961 1154 2024 quomodo
1175 1961 1202 2009 in
1224 1961 1253 2010 iit

161 2041 220 2090 dum
232 2041 256 2088 iu
277 2040 363 2101 rebus,
375 2052 528 2106 memorem,
545 2050 688 2098 numerum,
727 2037 836 2086 Carraria
848 2045 922 2085 aexto
938 2037 1129 2086 Commentario
1141 2036 1252 2087 debello

161 2116 286 2175 ordinem,
298 2117 391 2178 legem,
407 2115 531 2179 regulam,
542 2115 640 2177 poteria
650 2131 690 2174 pa·
726 2117 842 2166 Gallico:
859 2119 866 2144 ‘
879 2117 927 2165 Hie
939 2116 1085 2165 constitutio
1095 2116 1173 2164 rebua
1184 2116 1254 2181 paul·

161 2194 289 2255 τιφορικῶς
310 2192 384 2240 librae
409 2190 512 2240 nomine
534 2188 690 2253 siguificare·
727 2195 779 2243 lnrn
789 2208 867 2257 aopra
877 2207 934 2241 enm
946 2194 1038 2253 locum,
1049 2206 1099 2255 quo
1107 2200 1170 2240 ante
1182 2205 1253 2240 exer-

164 2270 239 2320 luem.
727 2272 806 2320 citum
819 2270 980 2332 traduxerat,
994 2267 1080 2318 facere
1099 2275 1205 2330 ponta·
1219 2267 1253 2315 iu·

194 2346 227 2391 2⁹
245 2340 345 2390 Telluria
361 2339 447 2402 medio]
471 2338 584 2388 Fauniua
607 2338 689 2387 Pale·
728 2345 832 2395 stituit!
849 2346 924 2395 Idem.

162 2432 236 2467 mour
261 2416 476 2466 ‘Ponduareboa
492 2415 691 2464 naturalocarit
762 2421 812 2471 No,
830 2425 886 2471 369,
921 2425 934 2469 ι
962 2419 1059 2479 Omnia,
1077 2417 1141 2481 qao]
1167 2417 1255 2467 ‘Ante

164 2493 303 2556 Corporeia
315 2509 322 2541 ι
338 2493 467 2540 elementa
478 2505 551 2538 annm
564 2489 630 2552 regit
639 2503 692 2537 oru-
729 2496 814 2544 omnia
824 2497 903 2558 igitur
914 2495 1005 2545 (tienne
1016 2503 1113 2555 acrum,
1125 2495 1255 2558 vitamque

163 2570 207 2617 nia
218 2569 318 2631 pondua
332 2584 338 2617 ι
363 2565 482 2615 Pondere
502 2571 573 2614 terra
587 2571 690 2624 nranet;
730 2571 1001 2632 rroatrenr,atellirtam
1011 2570 1092 2632 vagia,
1104 2579 1256 2634 quamatan·

164 2658 259 2694 vacuua
271 2657 370 2708 quoque
384 2640 504 2704 ponderis
521 2642 601 2688 aetlrer
615 2639 692 2688 Inde.
730 2646 798 2695 tibus
810 2661 866 2694 ρης
878 2646 1038 2708 ,abjectam
1064 2657 1205 2707 earumque
1216 2657 1257 2692 η.

167 2717 234 2767 festa
246 2718 313 2781 rapit
332 2716 456 2765 1011111111
475 2714 569 2779 sydera
587 2715 692 2765 mundi!
731 2723 768 2770 rio
780 2721 968 2785 multiplicique
987 2735 1062 2770 curan
1080 2718 1257 2781 gennabuma·

165 2795 208 2845 ubi
221 2797 315 2852 1111Ιί111»
324 2808 408 2844 ”ww
416 2792 694 2857 neqaepoaueriaoerler,
730 2811 790 2845 uum
810 2796 966 2857 gubernari,'
986 2794 1142 2844 Cenaorinua
1161 2792 1194 2841 de
1217 2792 1258 2840 die

166 2871 263 2933 legere.
731 2872 831 2933 Natali,
840 2871 909 2920 unde
920 2871 974 2920 laec
986 2869 1124 2919 chaldaica
1139 2871 1146 2896 ‘
1159 2867 1192 2917 de
1204 2881 1259 2930 par·

198 2951 229 2995 tio
247 2949 280 2995 Et
302 2945 363 2995 Solia
383 2941 513 3007 Lamum]
540 2942 593 3005 Sol,
613 2944 694 3005 Luna,
731 2952 773 2995 tua
801 2946 934 3009 tempore’
961 2945 1096 3008 deacripta
1131 2944 1258 2992 videntur.

168 3022 299 3084 ceterique
320 3023 436 3071 Planetae
449 3021 515 3069 riam
533 3019 559 3068 iu
576 3020 640 3069 celo
651 3020 693 3067 ba·
735 3022 840 3071 Vinum.

167 3097 230 3146 brut
242 3099 370 3160 libratam,
378 3104 486 3161 certam,
495 3095 635 3159 definitam,
645 3096 694 3145 Zo·
763 3102 779 3147 t
796 3097 844 3146 Sed
852 3097 965 3161 procidet
976 3096 1039 3159 ollis]
1055 3095 1098 3145 Sic
1110 3102 1186 3145 vetna
1195 3095 1260 3145 liber

167 3173 277 3222 diacum.
298 3173 405 3222 Viaetaa.
732 3173 784 3222 oilie
795 3188 842 3236 pro
852 3174 910 3223 illia.
927 3173 1009 3222 idern.

201 3251 231 3295 til
250 3247 323 3296 Libro
337 3248 384 3310 dii]
405 3247 449 3295 Sic
460 3247 605 3296 babuerunt
623 3252 694 3296 vete·
764 3255 780 3299 n
798 3252 913 3314 NecSol]
942 3250 1000 3300 Non
1011 3251 1092 3298 colum
1103 3248 1163 3297 dum
1174 3261 1260 3297 aumna

170 3336 210 3370 rea
224 3322 388 3382 membranae,
399 3322 435 3370 (lii
446 3336 492 3384 pro
503 3322 561 3382 diei,
568 3322 617 3370 boc
629 3324 695 3371 loco.
732 3327 758 3376 in
777 3328 839 3389 vita,
856 3328 902 3377 aed
922 3327 999 3375 etiam
1020 3333 1158 3389 antequam
1175 3338 1260 3372 naam.

169 3399 214 3447 aed
236 3399 262 3447 in
281 3400 311 3446 iis
333 3398 444 3447 ‘Rotae'
463 3413 512 3447 non
535 3396 649 3460 fuerunt,
669 3400 695 3447 in
733 3416 800 3463 mur,
817 3409 885 3451 aetra
903 3402 929 3449 iu
950 3399 1023 3449 nobia
1042 3399 1217 3460 dominantur,
1232 3405 1260 3445 ut

170 3488 277 3539 qrrarum
289 3490 363 3524 rerau
384 3480 476 3538 quarto
494 3474 602 3537 decimo,
611 3476 650 3524 die
660 3477 697 3525 le·
733 3477 773 3525 illi
782 3477 913 3526 dicebaut.
931 3476 1001 3526 Hinc
1011 3474 1185 3536 Achinapolua
1195 3472 1261 3538 apud

170 3550 268 3611 gimua:
286 3564 362 3614 qunrn
374 3550 399 3598 iu
410 3547 524 3598 renibus
537 3549 644 3599 Quincti
655 3551 697 3600 Oi·
735 3555 882 3603 Vitruvium
892 3553 957 3602 libro
976 3567 1054 3611 nono,
1064 3565 1116 3599 non
1128 3566 1144 3599 e
1155 3564 1261 3599 uaacen·

171 3626 280 3680 11101111,
299 3639 328 3674 tc
347 3626 372 3673 in
390 3625 490 3674 illorum
510 3623 633 3686 tecundo,
650 3625 699 3675 diei
735 3629 838 3693 tin,aed
858 3644 891 3678 ex
911 3628 1091 3690 conceptione,
1104 3625 1262 3688 genethloio·

170 3700 235 3762 ipare
258 3701 420 3750 scriberent:
448 3706 474 3749 at
495 3700 521 3750 iu
542 3700 646 3763 dellio
665 3700 698 3750 de
735 3705 1041 3770 giueratioueaexplicnt.
1057 3704 1132 3752 Idem.
1214 3750 1225 3771 0

171 3775 269 3826 Diebus
282 3776 342 3824 anni
354 3776 487 3839 vertentia,
504 3782 642 3841 utrumque
654 3777 699 3840 dii,
769 3782 820 3830 Nec
841 3781 929 3828 Solio
950 3779 1027 3841 nobie]
1056 3779 1112 3827 lano
1135 3777 1263 3828 di'reraum

171 3853 266 3902 etdiei.
283 3852 367 3903 idem.
736 3857 824 3919 aentit,
845 3857 961 3904 nimirum
980 3857 1063 3904 Solem
1084 3855 1213 3904 moderari
1228 3855 1264 3902 ri·

205 3930 237 3975 ⁸2
255 3925 329 3975 Libra
342 3925 479 3976 culedoeioa
492 3927 543 3974 tint
557 3927 636 3975 liltore
645 3942 700 3976 cett·
736 3943 789 3981 tam
809 3939 932 3988 noctram,
948 3938 977 3979 ut
990 3931 1158 3994 liquidissime
1169 3931 1265 3981 docent

173 4001 234 4051 tinet
244 4002 326 4065 παίω]
342 4002 482 4051 Britannus
494 4002 699 4051 natutmarititt
736 4009 880 4072 aequentia.
903 4007 973 4056 ilinc
986 4008 1052 4055 citra
1063 4009 1265 4057 controversiam

173 4075 282 4127 libratur
296 4083 504 4142 temperatnaqne
514 4084 603 4139 eat,.ut
613 4092 700 4140 quam·
737 4081 841 4144 legend.
861 4082 913 4129 Nec
923 4096 968 4129 uon
978 4082 1003 4128 ia
1014 4080 1152 4131 nobismori.
1164 4089 1267 4146 temporo

175 4153 213 4202 ria
224 4168 269 4204 ruo
278 4155 364 4204 littore
377 4155 410 4205 rit
420 4153 545 4218 altior,>i‹i
555 4160 700 4205 tamennon
736 4157 800 4206 nito.
834 4157 982 4220 Explicatio
1001 4156 1090 4207 Viueti
1107 4172 1159 4208 nou
1180 4163 1266 4224 puteat
