2804 4764
160 267 246 332 1074
509 278 616 328 uoru
640 278 839 328 srauronuu
865 278 904 327 ru

162 423 288 477 Profecti
298 421 425 475 Pretorio
436 422 533 474 Italin.
551 423 619 473 Nam
629 435 686 472 esni
724 430 784 485 post
796 422 961 471 Consulatum
973 418 1160 469 Proconsuloru
1172 419 1250 482 Asia,

162 517 213 552 non
224 500 268 551 diu
290 501 403 550 tonuisse
415 499 470 563 lpse
481 503 540 562 post
559 497 688 559 declarat,
724 497 853 547 Eucherio
869 506 896 546 et
909 496 1019 560 Syagrio
1034 496 1107 545 Coss.
1119 494 1251 558 Imperan-

162 592 221 627 cnm
237 590 295 625 enm
305 573 495 625 Profectursm
505 580 589 637 vocet,
606 573 688 622 libots
724 571 792 622 tibus
803 572 938 632 Gratiano,
949 570 1140 633 Valentiniano,
1151 571 1179 619 et
1187 572 1253 621 'l'lse-

162 655 279 717 pmemis,
299 651 447 712 ‘libataque
468 650 589 711 supplens
615 648 687 696 Proe·
724 647 812 696 orlosio
824 647 908 711 Augu.
919 646 964 696 lib.
976 660 1020 696 ιιι.
1041 645 1074 694 de
1085 644 1137 694 fide
1150 646 1252 698 Cstlsol.

162 728 232 778 mis!
264 729 380 790 Eamque
406 723 593 774 Profectursm
621 726 688 772 rexit
724 723 822 772 Sedet
850 724 883 773 Q.
904 720 1082 783 Symmachus,
1105 719 1252 771 Profectus

162 802 335 852 Vslsntiniuui
358 808 385 850 ot
407 799 526 848 Valentis
547 800 687 849 Consulatu
725 797 800 859 Urbi,
819 794 1102 870 inquinamssptatou
1121 802 1252 846 testatur:

162 879 255 940 primo,
273 883 302 924 ut
319 889 367 936 ego
385 889 418 924 ex
441 873 570 922 veteribus
590 873 688 923 Princi-
723 873 887 928 ‘Ausonius,'
909 870 1002 936 inquit,
1018 871 1076 918 ‘vir
1096 870 1253 934 Consularis,

162 964 222 1014 pum
235 949 466 998 Constitutiouibus
483 948 605 998 odoratus
622 963 687 998 sum.
725 948 864 997 admirator
876 955 944 1010 tuus,
956 946 1057 1009 scripto
1075 961 1109 994 ex
1125 945 1190 996 Asis
1206 964 1251 997 nu·

161 1014 688 1074 Atsecu‘ndoProfecturucumulutedats
725 1037 773 1086 per
785 1023 874 1083 allato,
890 1022 1005 1071 mutilari
1027 1036 1103 1085 agros
1121 1036 1192 1086 suos,
1208 1026 1253 1089 qui

161 1105 210 1157 cst,
222 1100 333 1161 etpleue
342 1113 397 1146 eaor
410 1098 487 1147 rexit.
505 1097 606 1160 Nempe
615 1099 688 1146 Prie·
725 1097 773 1147 tibi
780 1099 935 1161 junguntur,
950 1097 1072 1160 accepit)
1085 1097 1203 1160 Scaliger.

161 1172 262 1223 sectura
275 1174 393 1222 Pretorii
405 1172 557 1227 Galliarum.
569 1187 584 1220 ιι
595 1170 686 1235 quoad
759 1175 792 1223 Ut
814 1175 985 1234 Profuturum
1005 1172 1131 1236 duplicem]
1160 1175 1252 1224 Filium

163 1249 329 1298 Consulatum
366 1248 493 1311 peruenit.
542 1249 686 1310 Utramque
724 1250 1109 1314 disltinEpicedioAusonius
1128 1253 1253 1314 medicus,

162 1322 350 1372 Profecturam
363 1324 441 1372 etiam
455 1324 480 1372 iu
499 1320 624 1385 Epicedio
643 1337 685 1383 pa·
724 1325 883 1376 Pumfectum
894 1326 989 1387 Gallis,
1007 1332 1035 1375 et
1047 1327 1147 1390 Libyas,
1164 1334 1191 1374 et
1203 1327 1251 1375 Ls·

163 1390 686 1462 triscomplexusest;‘Prusec'turGul·
724 1400 761 1451 tio
788 1400 875 1452 luisse.
907 1402 938 1451 lu
966 1409 1084 1451 extrema
1101 1401 1250 1451 Gratiarum

161 1475 202 1536 lis,
216 1482 244 1525 et
263 1476 362 1538 Libyae,
378 1483 405 1525 et
424 1475 520 1525 Latio!
552 1475 618 1523 Nam
639 1475 687 1522 La·
723 1475 834 1526 Actione
859 1477 927 1525 idem
952 1477 1020 1525 tilius
1041 1491 1070 1526 ss
1089 1475 1250 1527 Profectum

162 1551 235 1612 tium,
247 1560 272 1601 ot
292 1552 376 1615 Libys
386 1551 432 1600 sub
454 1565 503 1600 ons
526 1549 687 1599 Praefectura
723 1550 852 1600 Praetorio
866 1552 987 1600 Gratiani
995 1550 1107 1614 Augusti
1118 1550 1251 1614 predicat.

162 1625 247 1675 Italiae
268 1627 527 1691 comprehenduntur,
545 1634 575 1676 ιιι
593 1626 685 1675 Gallias
727 1626 833 1676 Vinctus.

161 1709 189 1751 ot
206 1702 349 1752 Britannico
377 1702 425 1752 sub
450 1717 503 1752 uua
524 1700 687 1752 Profecturus
754 1705 787 1750 93
805 1702 1132 1765 Furtisqsemer'sproelutas]
1149 1702 1250 1753 Dslroo

162 1778 315 1827 Galliarum.
360 1777 453 1842 ltaque
473 1778 590 1842 superius
609 1778 686 1827 intel·
723 1776 907 1828 loutariorum
917 1777 1086 1844 Actiouspro
1096 1779 1249 1830 Consulatu.

161 1853 226 1902 lesit
257 1851 444 1902 Profectursm
473 1852 616 1902 Galliarum
640 1867 688 1917 per
723 1853 799 1905 Idem.

161 1929 363 1995 Aquilonigenas
380 1930 529 1980 Britannos.
561 1930 632 1992 lom,
657 1937 687 1980 ut
755 1932 786 1976 97
806 1929 888 1977 Posses
906 1934 1013 1991 emotus,
1030 1943 1109 1991 posses
1127 1928 1249 1992 mins]

160 2005 379 2067 dixiuius,stntim
391 2022 406 2054 a
416 2005 580 2055 Praefectura
589 2005 687 2055 Gallis·
724 2003 802 2052 Ludit
814 2005 993 2066 paronomasia
1011 2009 1107 2054 orsutss
1123 2011 1151 2054 et
1168 2020 1250 2054 osem-

161 2093 227 2141 rum,
237 2081 331 2130 Consul
350 2095 365 2127 a
382 2079 511 2129 Gratiano
528 2081 686 2143 designatus,
723 2079 889 2141 circumiret
900 2093 966 2128 osas.
1000 2080 1072 2129 Sicut
1084 2080 1208 2129 Deianira
1217 2081 1248 2129 ad

160 2153 318 2216 declaratus,
336 2161 364 2204 et
375 2155 444 2216 prior
455 2163 618 2218 nuncupatus
635 2165 691 2207 est.¹
723 2155 873 2215 Herculem,
885 2155 953 2217 apud
963 2154 1087 2204 Ovidium
1097 2171 1104 2204 ι
1117 2155 1125 2183 ‘
1136 2156 1196 2205 Non
1206 2156 1249 2203 ho-

161 2229 198 2276 Ut
217 2227 321 2278 duilium
342 2243 394 2279 non
410 2229 455 2291 sit,
466 2230 526 2294 quin
544 2230 570 2278 in
588 2231 686 2281 Codice
722 2237 830 2290 norest,
846 2230 891 2279 sed
907 2245 980 2290 onus,
991 2231 1092 2292 specics
1108 2232 1203 2281 laesura
1213 2232 1250 2282 fe·

160 2304 256 2353 'l'lseod-
267 2304 385 2353 mendum
397 2304 440 2361 sit,
462 2319 520 2354 oum
543 2304 685 2369 impp.Vs-
723 2304 843 2354 rentem!
874 2306 975 2357 Quibus
986 2306 1048 2356 locis
1059 2306 1189 2369 pulchrius
1199 2307 1250 2357 for·

159 2380 615 2441 lens,Grstiouus,etVsleutiniauus
624 2385 686 2432 scri·
723 2386 792 2429 tasse
803 2383 963 2443 inspiraretur
973 2381 1054 2437 imus.
1071 2387 1100 2430 et
1109 2381 1170 2431 inde
1181 2382 1250 2431 lose·

161 2453 227 2503 bunt
242 2453 274 2501 sd
286 2453 416 2503 Antonium
429 2453 571 2514 Profectum
590 2457 685 2505 Proto·
721 2460 798 2516 cutus,
809 2454 1023 2518 quemadmodum
1034 2456 1146 2504 Veteres
1156 2453 1249 2506 fecisse

159 2531 196 2579 rr'o
209 2530 353 2592 Galliarum,
369 2546 435 2580 suuo
447 2539 507 2580 oute
518 2533 683 2582 Consulatum
723 2527 823 2577 Gellius
842 2530 970 2578 memoriae
993 2528 1108 2591 prodidit
1125 2529 1192 2578 libro
1210 2545 1248 2580 se·

159 2605 278 2655 Ausonii.
300 2621 356 2656 cum
381 2621 456 2655 nemo
474 2605 553 2655 fuerit
568 2605 683 2656 Praefec·
722 2603 814 2652 cundo.
845 2603 1250 2669 Sorviustameniulibrnmpri·

160 2687 202 2729 tus
230 2681 369 2739 Pretorio,
389 2694 455 2729 anno
482 2681 526 2744 qrri
548 2683 684 2743 prooessit
721 2690 791 2724 11111111
809 2677 930 2727 AEneidor
955 2693 1012 2727 111111
1033 2684 1175 2728 elmerum
1193 2681 1248 2730 sinc

160 2755 325 2804 Consiuatum
339 2755 454 2816 Ausonii,
465 2764 561 2819 praeter
574 2755 684 2806 Auaoui·
722 2752 814 2814 spiritu
834 2753 912 2802 scribi
930 2753 977 2816 sit,
993 2753 1039 2803 sed
1058 2754 1171 2803 sonuum
1188 2769 1247 2804 cum

158 2843 200 2876 nus
224 2828 313 2892 ipsium.
346 2831 416 2893 Ergo
438 2845 489 2879 uon
505 2831 620 2893 Antonio,
637 2831 683 2881 sed
721 2827 822 2889 spiritu,
835 2834 957 2893 tauquam
974 2830 1006 2879 ab
1023 2844 1055 2879 eo
1070 2830 1114 2890 sit,
1127 2830 1195 2894 quod
1207 2839 1248 2881 est

158 2900 263 2951 Ausonio
279 2903 442 2953 scribendum
460 2911 509 2967 est,
525 2913 555 2954 ιιι
573 2905 618 2954 lib.
631 2920 683 2957 ιιι.
721 2903 799 2952 nouos.
833 2905 930 2954 liudem
942 2904 1025 2968 figura
1038 2904 1201 2966 ‘fastorum'
1219 2915 1247 2955 et

158 2976 323 3029 defidetest.
350 2980 415 3029 ltem
427 2980 472 3030 lib.
486 2993 538 3029 xrs.
549 2980 683 3043 dopmnis.
720 2975 953 3028 ‘fastidiorum'iu
963 2979 1114 3029 Gratiarum
1125 2980 1248 3043 Actione,

157 3051 209 3103 Qui
221 3061 260 3101 est
272 3070 352 3104 sunus
369 3064 429 3105 suto
448 3057 612 3105 Consulatum
629 3056 682 3107 Au·
720 3065 751 3100 11
769 3052 795 3101 111
813 3053 912 3103 Andria
933 3054 1051 3105 Terentii
1069 3055 1247 3119 ‘mentium‘

156 3127 231 3190 souii,
248 3136 276 3179 et
295 3129 398 3178 biennio
415 3137 484 3189 ante,
505 3130 573 3179 idem
590 3145 682 3181 nomeu
719 3127 894 3179 ‘nutantium'
915 3130 993 3179 Vinci·

156 3212 316 3266 corruptum,
337 3205 449 3253 Valente
470 3219 495 3252 v.
513 3212 541 3253 et
567 3205 683 3256 Valenti·
751 3204 835 3253 Posses
845 3205 953 3269 ornatus]
972 3205 1043 3255 Nilril
1056 3219 1118 3255 sane
1130 3204 1163 3254 ad
1182 3206 1245 3256 Cor·

155 3275 231 3325 niano
242 3276 311 3341 Aug.
324 3278 398 3328 Coss.
411 3280 455 3329 lib.
467 3292 508 3328 ιι.
519 3279 553 3328 de
565 3280 680 3332 medicis.
719 3287 848 3330 rectorum
859 3282 1001 3332 lubidinem
1012 3284 1060 3333 lroc
1072 3285 1128 3333 loco
1144 3290 1246 3334 mutan·

155 3349 200 3401 lib.
212 3364 244 3401 ιι.
256 3351 289 3400 de
300 3354 501 3416 questionibus:
513 3368 570 3417 qum
580 3354 682 3406 Consti-
718 3355 778 3403 dum
791 3370 831 3404 res
841 3356 896 3418 ipsa
904 3356 991 3418 docet,
998 3372 1049 3407 non
1056 3359 1124 3408 enim
1137 3353 1246 3422 propter

155 3427 268 3475 tutioner
285 3440 373 3475 omues
391 3426 459 3477 datm
475 3436 533 3476 sum
551 3430 680 3481 Treveris.
717 3432 871 3480 senteutiam
892 3433 958 3481 hauc
978 3433 1148 3483 necessariam
1171 3434 1245 3499 quio·

154 3498 190 3549 Et
206 3499 231 3548 lo
243 3500 369 3564 omuibus,
386 3516 443 3550 meo
460 3502 572 3566 judicio,
592 3505 679 3567 legen·
717 3519 792 3570 quom
812 3513 900 3568 potest
919 3507 989 3557 aliud
1000 3508 1041 3557 lrlc
1053 3507 1104 3571 tegi
1116 3523 1192 3573 quarn
1203 3511 1244 3560 lo·

154 3572 216 3622 dum
236 3576 349 3632 Ausonio,
368 3591 418 3626 non
435 3579 547 3634 Antonio.
579 3579 679 3642 Deprs·
716 3585 820 3630 noratur.
843 3580 891 3631 Cui
902 3582 1013 3644 pessimo
1024 3598 1082 3633 cum
1090 3591 1173 3635 metro
1181 3600 1242 3636 con-

152 3658 217 3700 vent
235 3652 302 3700 euim
321 3666 415 3702 nomeu
433 3655 566 3705 clarissimi
584 3657 679 3722 politus,
716 3657 893 3716 renittameu,
905 3672 953 3707 uec
965 3659 1111 3722 exemplum
1123 3668 1179 3711 toto
1194 3663 1242 3712 Po·

153 3729 227 3792 qussi
238 3744 288 3778 oon
309 3739 338 3780 et
356 3731 460 3794 scriptis
472 3732 535 3794 suis,
553 3747 603 3782 non
624 3740 679 3783 tau·
716 3730 834 3781 dtssliud
844 3734 1022 3783 tomimmouis
1033 3735 1155 3787 licentio.
1171 3737 1242 3789 Quid

153 3809 206 3853 tum
217 3803 367 3868 Consulatu,
385 3813 429 3853 sut
450 3805 678 3858 emunctorium·
715 3804 795 3868 igitur
813 3806 959 3857 adferemus
980 3810 1059 3858 novi?
1080 3811 1142 3860 nihll
1160 3813 1241 3873 aliud,

152 3877 211 3928 bilis
221 3886 300 3930 esset.
334 3880 399 3930 Nam
415 3888 443 3930 et
458 3882 483 3930 in
495 3882 639 3942 Ariconium,
649 3892 678 3935 et
715 3898 791 3948 quarn
808 3885 876 3948 qsrod
892 3886 1052 3949 suspicamur
1071 3893 1101 3936 ut
1116 3888 1242 3947 honorare,

151 3953 297 4018 Auxoamis,
312 3962 341 4005 st
356 3955 477 4005 Arouisss
494 3956 677 4020 depravarunt.
713 3959 751 4008 sio
767 3968 795 4008 et
812 3959 925 4009 honerare
941 3961 1052 4011 Veteres
1070 3961 1177 4025 dixisse,
1196 3970 1241 4013 sut

152 4026 307 4096 lairenio'et
327 4030 450 4079 vicarium
469 4029 567 4081 Africa
589 4031 677 4096 fuisse,
713 4041 785 4083 certe
803 4035 886 4098 unius,
898 4035 1063 4102 ejusdemque
1081 4038 1154 4088 vorbi
1165 4053 1241 4089 rocs-

150 4099 195 4152 lib.
206 4115 282 4154 nxtx.
299 4103 329 4155 C.
340 4104 432 4154 Tude
444 4105 581 4156 Decuriou.
607 4108 674 4158 Item
713 4109 764 4159 lem
779 4125 803 4173 o,
821 4125 873 4174 quo
889 4111 946 4163 ioco
962 4112 1105 4165 secuudum
1124 4115 1238 4180 ponitur,
