2804 4764
133 282 220 370 1034
457 367 459 370 y
485 296 592 344 uuum
616 295 816 344 vsuronuu
843 295 881 343 ru

134 439 347 493 sexcentesimum
376 445 404 487 et
426 439 582 488 tricesimum
604 453 661 488 sex·
696 436 811 502 felixque
828 437 863 486 sit
880 437 1035 500 Imperatori
1056 437 1154 488 Cereri
1166 438 1223 490 Divi

134 525 188 568 turo
201 517 234 567 eb
244 514 326 567 Reum
336 515 450 577 condite,
458 522 484 564 et
491 515 659 564 centesimum
696 513 759 570 tilio,
770 513 897 577 Augusto,
907 513 981 563 Petri
989 515 1092 578 patrie,
1102 515 1225 565 Pontifici

134 602 163 646 et
172 593 433 660 quinctnmdecimum
450 600 511 642 ente
530 593 661 642 Christum
697 590 822 646 Monimo,
832 590 979 639 Tribunicio
1000 597 1133 654 potestate
1149 592 1226 641 trice·

133 679 231 721 nstrum.
263 669 318 718 Abs
338 682 387 731 que
402 667 485 730 prime
495 667 662 728 deductione,
697 667 787 715 simum
800 676 927 730 quartum,
937 667 1049 730 conjugi,
1061 667 1159 728 liberis,
1167 683 1226 732 pen-

135 762 187 798 uon
206 746 307 807 dubito,
323 745 385 809 quin
407 743 661 793 NsrbositMertius
698 742 769 805 tique
787 742 853 805 ejus,
872 742 987 799 Senatui,
1007 744 1157 808 populoque
1177 745 1226 794 Ro·

134 822 347 886 cognominatus:
374 819 489 884 quemvis
515 819 541 868 id
568 833 662 882 cogno·
697 832 780 878 meno,
796 824 824 866 et
834 818 942 879 colonis,
954 819 1095 883 incolisque
1116 821 1225 870 colonie

133 908 249 948 ruentum
270 896 337 946 stude
353 896 490 956 invenerit,
501 905 659 960 compertum
696 895 774 945 Julie
785 893 905 943 Paterna
923 894 1164 958 Nsrbonislliercii,
1183 897 1226 961 qui

134 989 185 1023 uon
204 973 322 1023 hsbeem.
355 973 447 1022 Cicero
467 987 514 1036 pro
534 972 660 1021 Fonteio:
697 985 725 1017 se
736 970 832 1018 numini
844 971 898 1033 ejus
911 970 1101 1033 inperpetuum
1114 972 1225 1021 colendo

131 1051 236 1100 ‘Estin
251 1050 340 1099 eadem
353 1050 484 1112 provincia
495 1048 660 1097 Narbonl·
697 1046 886 1108 obligaverunt,
916 1046 989 1108 plebs
1017 1048 1224 1098 Narbonensium

136 1127 465 1187 tius‚coiouieoostroruur
483 1127 585 1185 civium,
602 1139 660 1189 spe·
698 1136 768 1170 erem
792 1121 914 1170 Narbone
937 1122 962 1170 iu
988 1121 1044 1172 foro
1067 1126 1168 1187 possuit:
1193 1126 1225 1174 sd

135 1203 194 1253 cole
205 1202 423 1265 popuii'Romeui,
439 1216 470 1250 ec
482 1215 661 1264 propugueeu-
697 1212 774 1260 quern
793 1199 932 1261 quotannis
950 1213 1018 1248 nono
1033 1199 1163 1250 Celendes
1175 1200 1226 1250 Oc·

134 1279 188 1328 lum
199 1279 254 1327 istis
272 1279 332 1340 ipsis
351 1277 497 1327 ustionibus
513 1278 661 1340 oppositum
699 1272 796 1333 tobrcs,
807 1286 858 1336 que
869 1272 912 1320 die
930 1287 987 1323 eum
1007 1275 1095 1323 seculi
1116 1274 1227 1325 felicitss

137 1362 165 1402 et
175 1353 326 1416 objectum!
358 1353 429 1401 Mele
448 1353 515 1401 libro
531 1352 660 1401 secundo:
698 1348 753 1397 orbi
772 1358 898 1396 terrerum
917 1357 1045 1398 rectorem
1063 1349 1156 1413 edidit,
1175 1358 1227 1401 tres

133 1428 204 1477 ‘Sed
229 1434 343 1477 antestet
369 1441 459 1476 omues
485 1426 662 1487 Atacinorum,
699 1423 800 1487 equites
813 1423 921 1472 Romani
941 1437 957 1472 e
978 1424 1063 1488 plebe,
1084 1432 1113 1476 et
1130 1436 1181 1476 tres
1199 1429 1228 1476 il·

136 1501 662 1567 Decumenorumquecolonis:riodeolim
699 1498 804 1556 bertini,
825 1500 921 1549 boetius
944 1501 1055 1564 singulos
1076 1502 1226 1552 immutent:

136 1579 169 1629 iis
180 1579 256 1628 terris
268 1579 398 1638 sensilium,
416 1592 484 1626 uiroc
495 1583 523 1625 et
533 1592 622 1626 nomen
635 1584 663 1627 et
699 1583 728 1625 et
744 1576 851 1639 colonis,
868 1584 895 1624 et
914 1575 1013 1637 ineolis,
1030 1575 1063 1626 sd
1082 1577 1228 1641 supplicen-

137 1655 277 1716 decusest,
293 1654 523 1704 blurtiusNerbo.'
555 1653 663 1703 AMer-
700 1649 760 1699 dum
771 1651 869 1699 numini
882 1651 948 1714 ejus,
966 1652 1033 1713 thus,
1047 1659 1075 1701 et
1092 1654 1178 1702 vinum
1195 1653 1228 1703 de

135 1731 176 1780 tie
185 1731 434 1794 legione‘blertium
445 1728 664 1792 Nerbouem'sp·
700 1741 756 1786 suo,
777 1741 808 1774 ea
830 1727 873 1775 die
895 1734 1028 1789 prestent.
1079 1730 1113 1778 Et
1136 1739 1227 1780 oetero

138 1808 261 1872 pollutum
276 1807 361 1870 potius
379 1805 588 1855 existimaverim.
620 1806 664 1854 Sic
702 1801 830 1851 Celeudes
864 1801 1006 1864 Octobres,
1033 1805 1104 1866 tirus,
1133 1807 1229 1867 riuum,

138 1890 168 1933 nt
189 1898 248 1948 quse
270 1883 370 1933 decime
391 1881 575 1931 uumerebstur
595 1880 665 1930 inter
701 1877 798 1928 colonis
824 1885 852 1927 et
880 1878 970 1928 incolis
1002 1881 1064 1929 item
1093 1890 1228 1943 prestent.

138 1959 267 2009 Romarm
280 1959 403 2022 legiones,
412 1958 508 2007 Martie
519 1959 598 2006 etism
614 1954 665 2006 ior·
703 1956 822 2006 Calendis
845 1972 944 2021 quoqne
966 1959 1097 2009 leuusriis
1120 1961 1179 2008 tbus
1201 1965 1229 2008 ct

138 2037 208 2085 lesse
223 2037 403 2098 coquorniuete
419 2035 548 2096 quondum
569 2033 664 2082 luerit:
703 2033 789 2081 vinum
811 2033 907 2081 colonis
929 2041 958 2083 et
980 2035 1071 2083 incolis
1093 2043 1229 2098 prestent.

139 2124 173 2160 ex
184 2111 259 2173 cnjus
270 2110 407 2170 veteranis,
418 2118 445 2158 et
455 2109 666 2158 Narbonensibus
702 2109 819 2172 Septimo
831 2123 931 2173 quoque
947 2109 1008 2158 ldus
1026 2111 1172 2173 Jeuueries,
1181 2126 1230 2176 que

138 2185 667 2248 civibuscompositscolonis,NerboMer·
704 2185 755 2242 die,
768 2186 886 2247 priunum,
904 2185 1040 2248 imperium
1060 2186 1129 2235 orbis
1150 2194 1231 2235 terre·

139 2263 192 2312 tius
198 2263 232 2311 sit
241 2261 335 2311 dictus.
345 2260 492 2310 Deduetsm
502 2275 563 2310 vero
574 2263 666 2310 iterum
705 2276 761 2310 rum
773 2261 920 2325 suspicatus
931 2269 983 2322 est,
998 2261 1083 2321 thure,
1100 2262 1159 2310 rino
1172 2276 1232 2326 sup·

141 2338 289 2388 Narbonem
310 2338 434 2387 colonium
455 2336 666 2387 Csioluliocae·
705 2336 814 2399 plicent.
847 2336 882 2384 Et
901 2337 997 2384 bosties
1014 2336 1126 2399 singulos
1143 2337 1231 2385 immo·

140 2426 201 2462 sere
217 2413 363 2472 Dictatore,
380 2411 518 2462 Suetonius
531 2413 666 2477 Tranquil·
704 2413 768 2462 lent.
802 2413 837 2462 Et
864 2413 960 2462 colonis
987 2412 1141 2477 incolisque,
1166 2413 1233 2473 tirus,

139 2490 180 2538 lus
198 2488 224 2536 io
240 2488 317 2538 rebus
328 2489 426 2537 Tiberii
438 2488 547 2552 Augusti
559 2490 666 2539 scribit:
705 2489 790 2537 vinum
808 2503 840 2538 ee
857 2488 900 2538 die
921 2494 1055 2551 prestent.
1089 2488 1125 2538 Et
1148 2488 1232 2552 pridie

141 2565 331 2631 deduxisseque
351 2573 449 2629 petrem
469 2567 551 2629 ipsius
570 2566 667 2616 Tiberii
705 2563 832 2613 Celeudes
847 2563 949 2625 lenies,
969 2562 1037 2628 quod
1058 2577 1089 2613 es
1110 2564 1152 2613 die
1172 2565 1233 2615 Tito

141 2641 277 2691 Tiberium
289 2642 420 2691 Claudiurn
434 2642 571 2691 Neronem.
591 2643 667 2694 Quod
703 2639 807 2688 Statilio
817 2640 910 2701 Tauro,
920 2640 1012 2688 Murco
1021 2639 1124 2688 AEmilio
1134 2639 1234 2704 lepido

141 2716 191 2767 ruit
206 2727 266 2767 ente
287 2715 414 2766 Christum
433 2726 522 2765 nutum
542 2731 591 2766 non
611 2717 667 2779 plus
706 2715 869 2775 Consulibus,
883 2715 1077 2778 jodicieplebis
1089 2716 1234 2765 decurioni·

141 2792 314 2858 quodraginta
325 2793 406 2842 tribus
420 2793 501 2842 suuis.
534 2792 598 2841 Post
610 2805 667 2854 que
706 2790 753 2839 bus
765 2790 1011 2854 conjunxit,bosties
1021 2793 1135 2856 singulos
1146 2793 1234 2843 immo·

141 2873 262 2929 tempore
283 2868 384 2917 invenio
405 2882 457 2916 non
480 2875 577 2917 tentum
598 2868 668 2917 Mer·
706 2867 778 2916 lent:
795 2868 1234 2934 ettirusetrinumedsnppiicsu·

142 2943 217 3003 tium,
235 2958 322 2992 rerum
342 2944 420 2993 etiem
439 2944 562 2993 colonium
573 2943 668 2994 lulium
706 2942 766 2991 dum
789 2943 885 2992 numiui
906 2943 960 3006 ejus
980 2944 1077 2993 colonis
1099 2952 1127 2993 et
1144 2946 1235 2995 incolis

141 3017 294 3079 Peterem,
307 3018 456 3068 Narbonem
469 3033 526 3067 esse
538 3032 668 3081 nuncupe-
706 3025 843 3082 praestent.
877 3019 968 3083 Exque
991 3019 1022 3067 iis
1044 3019 1126 3069 tribus
1143 3022 1236 3085 equiti·

142 3100 206 3142 tunt.
239 3093 315 3142 Auno
327 3107 467 3157 uumquee
487 3093 590 3143 Christo
607 3102 669 3143 usto
707 3093 764 3158 bus,
781 3094 900 3143 Rornsuis
919 3129 1011 3146 ......
1029 3094 1157 3145 libertinis
1176 3112 1236 3147 unu.

142 3167 277 3217 millesimo
290 3169 494 3232 quingentesimo
506 3177 534 3218 et
543 3171 670 3232 seanest·
708 3167 774 3219 ...J
798 3167 842 3217 lte
860 3168 902 3219 bic
915 3170 1025 3233 procule
1039 3171 1157 3235 quedem
1179 3186 1237 3222 rer·

143 3256 187 3293 nto
211 3254 287 3293 sexto
309 3246 335 3292 iu
357 3243 446 3292 eodem
469 3245 524 3308 ipso
548 3245 670 3294 Narbone
708 3244 743 3295 bs
759 3244 894 3296 effractum
916 3249 1174 3299 murmurantiserett
1191 3250 1237 3300 sed

144 3317 265 3369 effossum
287 3325 325 3367 est
347 3333 477 3368 niermor:
499 3320 525 3368 iu
547 3334 598 3384 quo
615 3320 670 3370 lieo
709 3325 738 3373 iu
761 3324 816 3386 ejus
832 3325 942 3374 dextere
965 3324 1033 3375 fecie
1050 3326 1106 3376 brec
1122 3324 1238 3376 fuerunt.

143 3395 273 3458 insculpta
294 3403 378 3444 erent.
413 3396 478 3446 Qum
499 3396 572 3445 simul
593 3405 672 3461 etque
710 3398 809 3447 ‘Plebs
831 3398 1006 3449 Narbonensis
1033 3415 1102 3449 erum
1128 3401 1238 3450 numinis

144 3473 491 3524 inmeoustrlrouensium
510 3477 671 3541 untiquitetis
709 3475 820 3538 Augusti
843 3476 975 3525 dedicerit
996 3477 1098 3540 legibus
1119 3479 1158 3539 iis,
1179 3492 1237 3544 qote

143 3549 316 3598 studiosorum
329 3560 513 3612 pervenerunt,
523 3551 555 3600 ed
567 3567 608 3601 me
622 3554 672 3602 To·
710 3550 894 3613 infrascriptae
912 3559 979 3601 suut.
1014 3553 1117 3602 Numen
1127 3554 1238 3603 Cereris

144 3624 201 3674 lose
212 3626 379 3688 Burdigelsm
388 3627 457 3676 misit
465 3628 531 3677 scite
540 3627 673 3692 descripte
711 3627 823 3690 Augusti
844 3630 927 3691 petris
947 3629 1048 3691 patrie,
1068 3629 1172 3694 quaudo
1189 3629 1238 3680 tibl

144 3700 185 3759 rlr
196 3700 363 3748 unicissimus
381 3701 533 3750 Freocisous
552 3703 674 3765 ilosldes,
710 3705 785 3754 bodie
797 3706 861 3754 benc
874 3721 944 3755 erem
956 3707 1032 3767 dabo,
1049 3708 1239 3774 dediceboque,

143 3773 338 3838 idemquejuris
350 3774 485 3825 Professor
501 3777 672 3828 doctissimus.
710 3780 748 3829 bis
767 3780 878 3842 legibus,
900 3782 988 3846 bisque
1008 3785 1154 3846 regionibus
1171 3786 1238 3836 dubo

144 3851 225 3901 ‘Tito
246 3851 349 3900 Statilio
370 3854 464 3913 Tnuro,
484 3851 565 3902 Lucio
584 3855 673 3905 Cossio
710 3855 900 3920 dediceboque,
917 3873 981 3920 ques
998 3860 1040 3909 bic
1058 3861 1134 3909 bodie
1154 3863 1237 3924 pulum

147 3927 264 3990 longino
282 3925 443 3986 Consulibus,
462 3926 563 3977 decimo
581 3930 673 3978 Celeu-
711 3932 810 3993 dixero,
821 3934 868 3981 Uti
884 3932 996 3982 intimum
1016 3936 1097 3983 solum
1113 3936 1238 4002 lrujrssque

144 4003 191 4056 ds·
203 4004 342 4063 Octobres,
354 4004 451 4053 numiui
463 4003 574 4068 Augusti
584 4013 673 4056 votum
712 4022 773 4069 eree,
784 4008 969 4072 titulorunrque
981 4016 1030 4070 est,
1038 4011 1117 4073 siquis
1128 4018 1240 4074 tergere,

146 4089 294 4144 susceptum
307 4095 322 4129 e
333 4079 410 4144 plebe
427 4079 638 4130 Narbonensium-
648 4081 674 4131 in
711 4098 814 4145 ornere,
823 4082 931 4133 reficere
944 4084 1021 4147 volet,
1034 4085 1102 4147 quod
1119 4086 1237 4137 beneficii

146 4166 308 4220 perpetuum.
342 4156 418 4210 Quod
432 4156 536 4220 bouum,
549 4155 673 4224 inustum,
711 4157 1082 4225 ceossfist,jusfssqueesto.
1112 4163 1172 4212 Sive
1183 4165 1238 4229 quis
