2804 4764
536 335 691 385 ausourr
719 338 897 388 novumn.
1177 329 1262 396 1178

167 471 454 536 Ugolettieditioneeb
471 489 517 524 m
535 473 694 525 deriderari:
733 477 831 529 nificat.
864 482 955 543 rpioov,
972 481 1051 532 etiem
1069 497 1116 546 per
1127 484 1261 547 meteplro·

167 562 320 613 quemquam
349 563 410 599 vero
436 551 545 613 vulget*
579 552 696 601 lectionis
734 566 787 602 reni
809 557 975 616 appellarunt
992 560 1108 619 enigma,
1125 560 1261 610 obscurem

167 640 259 675 aeasm
280 626 385 674 evidens
412 626 457 687 sit,
482 627 584 691 negotio
610 635 696 676 tamen
733 627 867 678 intellectu
885 632 1021 696 solumque
1033 632 1164 682 difficilem
1177 649 1260 698 qums·

163 701 233 751 baud
246 701 406 749 incommode
417 701 506 751 abesse
519 711 614 765 potest.
631 704 696 755 Qua
734 701 839 763 tionem,
850 705 917 753 inter
928 706 1128 767 compotandum
1141 708 1260 771 proposi·

165 792 279 842 umque
290 777 450 840 precedunt,
465 776 593 840 ‘profano
605 779 696 841 vnlgo'
733 784 794 838 tam,
817 779 956 843 Hesychio,
974 780 1064 844 Suida,
1081 788 1108 830 et
1125 783 1260 832 Eustatlrio

165 855 325 902 minusuota
342 860 413 912 svnt,
435 854 543 902 Numeri
562 855 695 917 Varronis,
732 854 893 903 auctoribus.
927 855 1261 909 Vetereseniminiorcci

164 935 194 977 et
206 927 372 991 Pytbagnrae,
389 928 520 979 Hermetis
535 929 696 994 Philosophi·
732 928 757 977 in
768 929 909 992 sympoaiis
920 931 971 979 suis
982 933 1020 980 sio
1029 931 1170 982 faciebant.
1181 935 1259 984 Qum·

163 1018 207 1064 ce,
219 1003 362 1063 Medicina,
373 1006 421 1054 dvc.
732 1005 806 1054 rebat
825 1005 952 1069 quispiam
971 1021 1020 1055 non
1033 1007 1140 1073 vulgare
1151 1008 1259 1072 aliquid,

199 1081 241 1142 §8
261 1078 368 1142 Eryuu]
389 1079 536 1142 legendum
556 1095 589 1129 ex
609 1081 695 1142 prisca
732 1081 879 1143 plenavino
899 1090 989 1143 patera
1007 1082 1032 1130 in
1051 1083 1136 1131 medio
1156 1083 1258 1146 positar

163 1154 296 1216 scripture
304 1154 408 1217 lippllic,
418 1168 467 1201 non
477 1154 581 1219 Edyllio.
590 1155 696 1206 deinde:
732 1155 800 1219 quod
820 1156 864 1219 qni
885 1157 1014 1218 solvisset,
1034 1165 1150 1219 pateram
1167 1165 1259 1220 epote-

165 1229 214 1277 Cue'
230 1229 292 1276 silvii
305 1243 379 1290 neqve
394 1245 440 1278 nos
458 1231 542 1279 leeivrn
560 1237 606 1295 eet,
620 1246 694 1295 aeque
730 1229 784 1279 bat.
817 1230 844 1278 Si
863 1245 925 1280 vero
944 1245 995 1280 non
1011 1231 1135 1294 potuisset
1145 1233 1258 1294 solvere,

163 1318 212 1351 sess
222 1303 373 1352 intellectum.
385 1304 510 1367 Sceiiger.
730 1310 785 1354 turn
798 1305 828 1366 is,
839 1306 883 1369 qui
896 1314 1078 1369 preposuerat,
1090 1307 1259 1357 exhauriebat

198 1378 429 1442 Ejumodiedpllic]
442 1381 694 1444 Epplliolibrimem·
730 1383 859 1444 poculum.
890 1382 934 1431 Sic
957 1390 1030 1431 certe
1057 1382 1207 1433 Eustatbius
1229 1384 1257 1433 in

163 1454 265 1504 brunei.
306 1454 348 1503 lte
369 1463 397 1504 ct
419 1465 475 1518 post
499 1458 641 1508 Centonem
659 1461 692 1510 ad
730 1455 878 1505 vicesimum
898 1456 1040 1505 secuudum
1062 1458 1203 1520 Odytteoer
1229 1465 1257 1509 et

163 1529 276 1578 Panium
287 1531 375 1593 edyllie
386 1538 413 1580 et
423 1533 517 1594 epyllia.
558 1534 627 1586 Quid
648 1537 692 1584 ‘e.
730 1529 875 1595 lleayclrios
887 1532 954 1581 victo
963 1546 1019 1581 erm
1030 1533 1137 1581 multam
1147 1533 1257 1597 irrogari

162 1604 292 1667 dyllinm‚'
308 1607 363 1670 jem
390 1607 501 1657 diximus
528 1609 553 1658 in
581 1613 691 1674 primum
729 1605 839 1666 solitam,
862 1613 891 1655 ut
911 1607 966 1655 eive
988 1622 1095 1670 merum,
1116 1609 1171 1657 sive
1188 1623 1256 1674 eque

163 1682 303 1745 Edyllium.
336 1681 464 1732 'trimos
474 1683 651 1735 diminutivum
664 1695 691 1738 er
728 1690 807 1740 esset,
827 1681 894 1745 quod
912 1683 938 1731 in
958 1691 1049 1745 patera
1066 1683 1213 1747 baberetur,
1228 1685 1255 1735 id

159 1758 247 1819 ipsura
258 1759 292 1806 ab
303 1756 366 1820 isac,
384 1759 453 1823 quod
472 1774 573 1810 venerim
591 1769 619 1811 st
630 1762 691 1810 can.
728 1763 809 1806 totum
822 1757 877 1820 ipse
890 1757 997 1807 biberet.
1033 1757 1092 1807 lloe
1108 1759 1197 1822 itaque
1213 1768 1256 1813 sit

162 1848 223 1882 men
235 1833 373 1895 significat.
395 1834 473 1884 Vinci.
729 1832 845 1894 Gripum.
879 1834 914 1882 Et
924 1833 991 1895 quod
999 1833 1154 1883 Plutarchus
1164 1837 1255 1897 appel·

195 1910 239 1958 dle
255 1909 383 1972 medua]
402 1910 490 1959 Verba
510 1911 639 1962 Phaidrias
656 1913 690 1970 ad
727 1907 764 1956 lat
776 1906 877 1968 mque,
890 1922 904 1955 a
918 1907 1086 1970 piscatoribus
1102 1908 1218 1957 Homero
1227 1908 1253 1958 in

159 1985 295 2045 Thaidem,
313 1985 340 2033 in
356 1985 438 2048 primo
455 1994 514 2036 actu
525 1988 689 2039 Terentianus
727 1983 796 2032 leuci
807 1984 884 2032 litore
896 1984 1071 2046 propositum:
1083 1979 1157 2032 ‘oud
1168 1981 1255 2045 ἔλυμα

162 2061 290 2111 Eunuchi.
307 2062 381 2110 Idem.
725 2059 864 2121 λιπόμσθι·
889 2059 924 2110 {d'
941 2062 988 2123 ιῦχ
1003 2059 1098 2123 inopes,
1113 2059 1253 2126 φιρόμισιι,

195 2139 247 2189 No.
269 2142 317 2187 8³6
357 2137 480 2201 Grppise]
510 2135 609 2186 Poena
631 2137 692 2199 boc,
725 2137 774 2186 lroo
796 2137 828 2186 de
849 2137 984 2200 pediculis,
1010 2151 1061 2187 aon
1083 2137 1117 2186 de
1139 2137 1252 2200 piscibus
1310 2137 1312 2147 '

160 2214 230 2279 quod
247 2213 332 2262 subito
348 2209 689 2274 caloreed'nditAnsonins,
725 2226 802 2275 quum
830 2213 1017 2277 intelligerent,
1038 2214 1065 2262 id
1087 2219 1164 2263 vocat
1192 2212 1253 2263 Gri-

159 2302 265 2340 crucem
286 2287 343 2337 fixit
369 2288 516 2337 melioribus
538 2288 586 2336 esvi
608 2288 688 2336 nostri
722 2287 795 2350 plivur
807 2288 1165 2352 ArchiasinEpigrsmurate,
1182 2287 1252 2352 quod

160 2364 370 2414 Grammaticis:
396 2378 549 2428 quamquam
579 2372 688 2412 mustus
725 2370 811 2412 exstat
820 2363 884 2412 libro
894 2364 971 2413 lertio
981 2363 1153 2427 Antbologiae,
1165 2363 1252 2426 eapite

158 2441 273 2492 omniurn
285 2441 361 2490 elusit
376 2439 518 2501 recondita,
536 2448 564 2488 et
580 2442 637 2490 velo
654 2455 688 2489 aa·
724 2436 840 2501 abipso:
859 2436 915 2488 tii·
926 2437 1010 2500 reue,
1021 2437 1181 2499 muueris.
1200 2437 1252 2490 ivel

158 2516 301 2579 niginalnm
318 2522 446 2564 summota
456 2515 584 2564 doctrina.
619 2515 686 2564 Nam
723 2510 1250 2577 vaivolperoeipvevllcsovibcrqpioerslxon-

149 2593 262 2657 'Sylvius
283 2593 423 2642 Ambianos
445 2593 506 2642 nibil
527 2594 575 2642 nisi
591 2594 685 2642 triviali
723 2587 899 2644 mutam.
920 2589 1024 2639 Vintiu-

158 2675 263 2719 monete
290 2668 424 2731 percussit.
458 2668 546 2717 Bonus
574 2669 686 2718 Vinctus
757 2665 874 2728 Griplrve]
897 2666 1018 2728 Explicet
1036 2664 1144 2714 Snidas:
1168 2665 1251 2726 l'pipss

158 2744 273 2793 etiamid
283 2743 322 2804 iis,
334 2757 391 2807 quea
407 2743 562 2805 placarunt,
573 2741 685 2793 diffidit:
721 2739 751 2788 rb
766 2739 867 2788 tiernus.
884 2738 981 2800 theru
1000 2738 1025 2788 ri
1042 2739 1080 2788 real
1097 2741 1111 2788 i
1126 2737 1249 2802 tumus,

156 2827 186 2868 et
206 2820 321 2883 quarnvis
332 2821 356 2866 in
368 2819 554 2867 commentario
564 2820 687 2880 secundo,
722 2814 782 2863 calo
793 2812 1000 2875 συμπεπλεγμένον
1009 2813 1091 2876 λόγος,
1108 2813 1194 2877 dixer
1203 2812 1248 2863 ad·

157 2895 227 2961 quod
238 2903 295 2959 post
306 2896 362 2958 ejas
376 2902 483 2942 mortem
496 2899 626 2944 recoctum
637 2901 687 2956 est,
722 2891 792 2939 dosis
802 2890 915 2950 ιιιπᾷμὴ
923 2888 1066 2950 φαινόμενον.
1100 2890 1183 2939 heinr
1195 2889 1249 2939 Sir·

157 2971 242 3021 multa
262 2971 295 3018 de
315 2970 409 3018 nostris
427 2969 580 3018 lectionibus
603 2968 685 3018 Auno-
724 2965 837 3028 posolirn
851 2965 999 3014 vocitavere
1017 2970 1085 3013 teste
1103 2963 1188 3012 Gellio
1204 2963 1250 3015 lib.

157 3048 241 3096 nianis
257 3047 282 3095 in
301 3060 359 3094 suas
375 3045 500 3094 diatribae
517 3048 685 3107 transcripse-
723 3055 775 3091 nr.
786 3056 842 3103 cup.
853 3046 876 3089 6.
888 3055 938 3104 quo
950 3040 1022 3089 nobis
1038 3039 1143 3102 griphus
1155 3054 1248 3102 propo·

157 3122 204 3182 rit,
234 3120 296 3169 nibil
319 3129 413 3180 tamen,
445 3134 496 3182 quo
527 3119 685 3170 doctioribus
722 3119 792 3166 nitur
809 3116 928 3179 necdum,
947 3116 1016 3180 qrrod
1039 3116 1128 3175 seiam,
1149 3129 1164 3163 ι
1184 3130 1248 3179 qno·

156 3196 287 3247 Ausonius
300 3194 449 3244 familiarior
460 3193 545 3256 tieret,
564 3210 683 3259 exprom·
720 3208 795 3257 quam
808 3202 890 3254 recte,
899 3201 926 3241 et
934 3202 960 3239 ut
968 3192 1095 3254 oportuit,
1103 3190 1248 3242 enodarunt

156 3272 202 3321 ait.
220 3271 337 3332 Scaliger.
720 3276 800 3333 atque
821 3282 928 3318 eccum:
945 3268 1050 3317 ‘Semel
1071 3267 1197 3328 minusue,
1213 3279 1247 3315 an

191 3347 312 3411 Gripum]
335 3347 487 3396 Franciscue
508 3348 603 3397 Silvius
621 3348 683 3398 Arn-
721 3345 761 3394 bis
780 3345 871 3405 minus,
889 3358 938 3393 non
954 3350 994 3393 sat
1005 3344 1074 3392 scio:
1098 3341 1139 3391 Aa
1151 3350 1248 3392 ntrnm·

157 3426 249 3476 bianus
260 3423 387 3473 eruditam
399 3424 425 3471 in
438 3422 543 3472 Ausonii
557 3425 683 3487 Griphnm
720 3436 769 3487 que
780 3436 883 3481 eornm;
907 3428 935 3469 ut
955 3419 1082 3483 quondam
1103 3417 1188 3467 andivi
1207 3417 1247 3466 dl·

154 3499 347 3559 enodationem,
364 3505 393 3547 ut
410 3499 560 3561 appellarit,
572 3500 683 3549 Lutetia
720 3492 1247 3561 eier,JoviipsiReginoluitconcederel

154 3575 239 3625 edidit
260 3589 302 3623 me
320 3573 455 3622 admodum
471 3575 587 3636 puerulo,
609 3591 682 3636 quern
720 3575 868 3623 ’ferminum
885 3572 1014 3642 designari
1031 3579 1125 3621 norunt
1139 3585 1245 3620 omnes:

154 3651 243 3714 paullo
272 3648 412 3712 pleniorem
433 3651 643 3699 commentarium
662 3651 683 3700 is
720 3653 765 3700 sed
784 3649 927 3713 aenigmatis
947 3649 1071 3712 argutiam
1088 3662 1139 3697 non
1156 3662 1245 3711 peree-

154 3728 228 3776 edire
237 3726 342 3789 poterit,
353 3724 394 3774 eui
406 3731 494 3773 noster
506 3725 607 3773 brevior
617 3725 684 3775 visne
720 3733 815 3790 perunt
841 3731 1067 3774 commentatores.
1099 3724 1175 3776 Quod
1200 3724 1247 3772 de·

151 3802 244 3853 faerit.
277 3802 324 3850 Est
350 3808 437 3849 autem
463 3802 554 3864 γρῖφοι,
580 3815 685 3865 sagene,
719 3801 911 3867 prehenderim,
928 3801 983 3848 viro
1004 3798 1089 3848 debeo
1110 3797 1246 3860 integerri-

153 3886 212 3928 rete
230 3877 406 3941 piscatorium,
426 3875 494 3940 quod
516 3885 552 3936 et,
571 3879 683 3940 aspirata
720 3896 771 3937 nro,
792 3880 879 3927 uxoris
898 3893 961 3926 men
985 3884 1087 3939 patruo,
1108 3874 1245 3924 Guilielmo

152 3955 244 4004 littera
255 3953 280 4001 in
294 3962 398 4000 tenuem
409 3959 518 4013 mutata,
528 3953 612 4016 γρῖπιι
621 3953 682 4000 dici·
718 3971 765 4005 scs
785 3954 957 4009 Hermen-dm
979 3952 1023 4014 qrri
1043 3949 1103 3997 milri
1124 3948 1192 4011 apud
1215 3963 1244 3998 ee

154 4039 207 4092 tar,
215 4030 242 4078 id
254 4036 303 4089 est,
312 4029 412 4090 Gripvs,
423 4029 448 4076 in
459 4028 572 4091 antiquis
584 4028 682 4077 duobus
719 4031 867 4080 convivanti
878 4026 946 4077 aliud
964 4023 1091 4091 quoddam
1111 4023 1246 4086 proposuit

151 4107 236 4168 libris,
253 4105 346 4169 quibus
368 4120 428 4153 usur
449 4119 514 4165 sum,
536 4103 683 4167 ut'ypurebs,
719 4106 880 4164 solvendum,
905 4101 971 4149 baud
998 4097 1147 4159 illepidum:
1174 4097 1245 4145 ‘'lsr

151 4183 221 4234 retia
232 4187 411 4242 consuentem,
422 4187 449 4228 et
467 4180 620 4243 piscatorem
630 4181 681 4244 sig·
719 4181 769 4230 trie
790 4187 848 4228 sunt
866 4184 982 4239 septem:
1000 4177 1098 4235 septem
1117 4182 1178 4221 rex:
1197 4184 1245 4224 sex
