2782 4762
147 267 236 344 1032
501 291 609 338 nuru
636 289 833 341 vsnronusr
858 292 898 340 tn

147 434 292 495 Syracusa,
305 431 455 482 AEmatisiaru
476 433 632 496 putabimus,
648 439 677 484 et
713 433 789 484 bodie
801 435 955 497 paucissima
966 448 1114 493 coenuscss.
1136 433 1243 483 Vinctus.

148 511 288 559 Critonem.
330 509 475 559 Catinensis
499 519 584 559 tumen
605 511 677 573 regio
747 511 886 561 laurices·
896 512 985 574 nostri]
1002 511 1079 571 Vide,
1091 526 1149 575 quse
1161 511 1243 571 scrip·

147 599 249 633 caumru
261 584 333 634 dedit
344 583 429 635 lacto:
441 587 466 635 in
479 601 554 649 quatu
564 601 676 650 aequum
713 586 790 635 airuns
812 588 838 634 in
859 590 962 637 tertium
985 588 1095 637 Carmen
1117 588 1245 636 Parenta·

148 658 268 708 incendia
278 659 361 710 AEtnm
373 663 551 740 prqtniisssnt‚
563 663 677 726 juvenes
715 660 777 708 lium
787 661 820 709 de
833 662 934 710 AEmiiio
944 660 1065 711 Arborio.
1079 662 1156 711 iriam.

148 733 199 783 duo
209 735 323 784 sublatos
336 746 456 799 parantes
477 745 620 786 evexerunt
639 738 677 787 in·
745 737 903 786 scutilum
913 739 997 803 usuris]
1009 739 1047 788 Ex
1065 748 1143 789 cocto
1160 738 1246 786 latere

148 817 190 861 ter
207 808 321 861 flammas
340 813 413 861 ilitesi
432 813 543 875 ignibus.
576 813 676 863 Horum
712 812 1060 877 fretiqquslesuauytouiss
1069 813 1247 864 Ovidioiibru

147 887 295 936 memoriam
322 887 359 937 ita
381 889 520 951 posteritas
541 896 677 938 munerata
715 890 1111 952 quartubietamorpboseun,et
1125 889 1245 940 Diosioru

148 971 198 1024 est,
218 972 246 1012 ut
264 964 391 1027 sepulchri
411 965 483 1015 locus
500 966 676 1015 nominaretur
712 965 810 1027 Siculo,
830 966 946 1029 lapidum
968 965 1122 1030 uilicumque
1145 966 1245 1027 inopis.

149 1041 388 1105 Campuspiorutu.’
419 1043 485 1092 bisso
498 1042 551 1092 iiie.
586 1040 678 1093 Refer·
714 1043 791 1092 Idm.

148 1125 191 1166 tur
210 1118 360 1167 miraculum
379 1118 427 1168 boc
447 1119 473 1167 in
492 1133 523 1168 eo
541 1120 616 1181 libro,
633 1121 677 1184 qui
745 1118 856 1169 Anium
876 1117 970 1180 iugem]
994 1119 1029 1167 Et
1051 1133 1119 1167 nnnc
1139 1118 1182 1167 ills
1207 1118 1245 1166 in·

148 1193 284 1243 Aristoteli
303 1194 454 1243 inscribitur
471 1193 522 1258 napi
543 1196 676 1256 θαυμασίων
713 1209 785 1257 gaus.
820 1195 919 1245 Paucas
939 1194 1007 1244 enim
1026 1194 1123 1244 babent
1146 1203 1246 1244 nostrus

148 1267 307 1330 ικοωμιτιν,
332 1277 360 1319 st
385 1271 410 1320 iu
430 1272 496 1321 libro
515 1281 590 1321 sexto
608 1274 676 1322 lieo·
714 1270 806 1319 Gallie
826 1271 903 1320 urbes
921 1272 1015 1320 Tolosa
1033 1273 1159 1335 majores:
1178 1279 1245 1321 atta-

147 1346 408 1410 grspbireStrabouis.
442 1348 676 1412 EstqnoqueCisu·
712 1360 771 1395 men
794 1347 914 1410 qnoniam
938 1348 994 1410 ipsa
1016 1362 1073 1397 cum
1095 1349 1171 1407 alias,
1189 1357 1244 1398 tum

147 1422 224 1472 diano
234 1424 283 1472 iroc
293 1431 461 1472 memoratum
478 1423 503 1471 in
523 1424 616 1487 elegis,
634 1425 676 1474 cusi
713 1421 860 1484 Albigensis
867 1421 993 1484 dogmatis
1001 1431 1169 1486 tempestate,
1179 1424 1244 1472 mui-

149 1499 248 1559 titulus,
259 1499 267 1526 ‘
278 1498 318 1546 Da
330 1499 377 1562 piis
389 1497 531 1558 iratribus,’
541 1507 568 1549 et
579 1502 677 1550 Severo
713 1503 740 1546 la
751 1506 780 1546 et
795 1498 881 1559 gravia
899 1499 969 1559 tulit,
983 1513 1033 1548 non
1055 1509 1094 1547 est
1113 1499 1176 1547 milri
1196 1500 1244 1548 ‹ln-

148 1576 174 1623 iu
192 1575 280 1635 AEtna,
298 1575 386 1625 Valer.
406 1577 476 1624 Max.
495 1577 537 1625 lib.
555 1590 580 1624 v.
597 1591 622 1626 c.
635 1591 674 1625 ιι.
713 1573 793 1634 bium,
803 1573 865 1638 quin
885 1574 960 1635 longe
981 1575 1069 1637 maior,
1089 1582 1117 1624 et
1134 1576 1243 1636 opulen-

147 1651 256 1711 AEilano‚
268 1653 392 1713 Martiali,
402 1652 536 1702 Pasrsanire
548 1654 573 1702 in
583 1654 676 1703 anci·
713 1649 762 1698 tior
779 1647 866 1707 inserit·
886 1664 936 1713 ‘11¹⁰
949 1659 1066 1712 ῑθῐῐψθῐθ
1077 1651 1133 1698 Μ
1146 1651 1244 1700 scribe·

148 1728 193 1776 cis.
212 1728 286 1777 irisan
712 1724 757 1773 bat
780 1724 927 1774 Ausonius:
956 1727 999 1789 qui
1021 1733 1047 1774 et
1074 1742 1130 1776 eam
1160 1727 1243 1788 ipsam

180 1805 251 1852 Hauc
261 1801 430 1865 missionum]
442 1803 556 1852 Narrant
569 1811 675 1865 prseter-
712 1802 896 1866 quintupliceur
908 1803 1024 1865 appellat
1040 1806 1066 1851 in
1079 1803 1198 1864 Epistola
1210 1802 1243 1850 ad

148 1893 178 1928 ea
200 1879 340 1935 biatoriam,
368 1889 412 1926 aut
439 1880 618 1939 utensiliorum,
639 1879 675 1928 A·
712 1877 858 1938 Paulinum,
874 1880 946 1941 quasi
963 1895 1020 1943 qnae
1032 1894 1064 1927 ex
1077 1880 1190 1942 quinque
1203 1894 1244 1926 ur·

148 1957 248 2019 puleius
271 1957 304 2005 de
326 1954 435 2014 Muluio,
458 1956 493 2004 D.
516 1953 675 2016 Augustinus
712 1952 785 2002 bibus
807 1964 956 2004 constaret:
976 1970 1027 2017 qna
1046 1957 1146 2004 ratione
1165 1955 1243 2017 Syra-

147 2031 191 2081 lib.
205 2044 249 2080 ιιι.
262 2031 319 2079 Cir.
332 2030 390 2090 Dei,
404 2045 461 2091 cap.
474 2043 553 2079 xxxa.
567 2031 675 2080 Photins
712 2045 784 2078 cusas
796 2046 850 2079 esse
862 2032 1046 2095 quadruplices
1057 2032 1153 2092 dictas,
1165 2032 1242 2081 motio

146 2121 178 2155 ex
192 2108 318 2169 Procopio
329 2121 355 2168 p.
368 2110 423 2155 144.
433 2114 460 2154 et
470 2110 528 2156 449.
540 2106 674 2170 Lycurgum
711 2107 877 2156 ostendimus.
895 2108 967 2156 luem.

145 2185 171 2232 in
185 2185 261 2233 Orat.
273 2198 298 2245 p.
312 2186 368 2231 lut).
741 2189 757 2232 4
787 2184 911 2244 Niuguirlo
939 2181 1057 2246 Pyrenes]
1082 2182 1243 2244 ‘Niugnida

178 2259 451 2322 altionlsmacusus
487 2257 547 2307 Hoc
566 2258 674 2309 miracu·
711 2260 1008 2323 Pyrenasi’incpistoia
1026 2260 1242 2309 vicesimetertia

146 2336 195 2384 lnru
208 2336 422 2397 Geograpborum
440 2349 517 2384 nemo
535 2350 585 2384 uon
604 2343 674 2386 retn-
710 2334 742 2383 ad
765 2337 909 2385 Paulinum.
948 2337 1013 2385 Nuus
1037 2335 1151 2397 Pyrene.
1172 2335 1241 2383 unde

145 2412 175 2461 iit
187 2428 193 2460 ι
213 2413 317 2475 notique
328 2418 387 2459 snm
398 2425 430 2460 ex
444 2410 527 2474 poitis
537 2411 673 2463 Arethusa
710 2418 750 2458 est
763 2410 891 2474 genitivus
900 2411 1008 2460 Graecus
1019 2411 1144 2474 Pyrenes,
1153 2419 1180 2460 et
1189 2412 1241 2473 Py·

144 2488 398 2550 etAlpbeiamurea.
434 2490 501 2539 Nam
519 2490 546 2538 in
562 2489 673 2553 Syracu·
711 2486 1239 2556 renaens‚etPyr·euaei,lnm·ninuturpro

145 2580 229 2615 saritur
248 2566 345 2624 lustris,
365 2571 393 2614 ut
414 2565 491 2615 ruodo
507 2566 605 2616 dictum
622 2575 673 2630 est,
710 2563 801 2612 eodem
821 2563 890 2626 apud
902 2564 989 2611 'lituus
1002 2563 1111 2622 Livium,
1130 2571 1158 2610 st
1176 2562 1240 2610 aiios

145 2640 203 2691 lons
220 2649 262 2690 eat
282 2640 424 2690 Aretbusa:
441 2642 467 2689 in
488 2655 538 2704 quo
556 2643 674 2692 visuntur
711 2639 834 2688 Latinos:
856 2638 902 2686 sed
922 2645 949 2687 ut
960 2637 1101 2701 Pyreneus
1119 2635 1240 2700 frequen·

141 2720 215 2782 jacta
235 2718 260 2765 in
281 2716 408 2779 Alpheum
427 2731 526 2765 amnem
544 2717 673 2782 Pelopon·
711 2722 760 2771 ter,
772 2716 808 2764 ita
819 2714 938 2776 Pyrenei
950 2728 1008 2762 raro
1017 2714 1072 2762 siue
1081 2713 1240 2776 adjectione.

145 2794 248 2842 nesiaco
260 2793 329 2840 litori
341 2789 471 2842 infusum:
489 2792 558 2842 unda
569 2794 611 2843 iiie
620 2810 673 2844 cre·
710 2792 786 2840 Mons
797 2798 847 2852 est,
858 2792 901 2854 qui
912 2791 1063 2852 Hispaniam
1075 2790 1241 2853 Galliamque

144 2869 214 2918 ditur
231 2882 281 2916 nou
296 2882 324 2915 aa
340 2867 490 2917 consociara
508 2870 608 2930 pelago,
625 2872 671 2920 sed
709 2868 884 2922 disterminat,
896 2868 1077 2930 promunturiis
1096 2868 1120 2914 in
1137 2868 1188 2915 tirio
1199 2867 1239 2916 tli-

144 2944 235 2994 subter
254 2945 333 2992 maris
346 2950 478 3007 terrasque
489 2942 671 3008 depressimus
709 2957 784 2991 versa
796 2943 873 2991 maria
891 2943 1026 3005 projectis,
1044 2942 1069 2991 isi
1086 2951 1138 3003 est,
1156 2943 1240 2992 Ocea·

144 3020 257 3069 Siciliam
272 3033 350 3082 agere
361 3019 472 3079 alveum,
491 3027 568 3085 atque
579 3021 632 3071 iilic
643 3036 671 3071 ss
708 3035 779 3080 auur,
791 3028 818 3068 st
829 3019 1061 3075 Mediterraneum,
1077 3018 1144 3080 qnod
1162 3027 1190 3068 et
1202 3021 1242 3068 iu-

144 3110 230 3145 rursus
253 3096 392 3144 extoliere:
411 3094 453 3144 ubl
472 3094 609 3146 Arethusa
627 3112 670 3146 uo·
707 3104 808 3144 ternusn
819 3095 917 3144 Latinis
929 3093 1084 3157 appellatur.
1096 3095 1240 3158 ‘Pyrenes‘

48 3205 52 3214 ,⁴
144 3186 203 3221 aren
216 3171 318 3235 accipit.
342 3170 447 3220 Visetur.
707 3183 799 3220 nomeu
816 3170 875 3232 quin
896 3170 929 3218 ab
946 3171 1015 3233 igne,
1027 3172 1068 3233 qui
1082 3170 1182 3221 Graecis
1194 3173 1241 3234 sip

175 3253 191 3298 4
209 3246 382 3309 Quorsum-is]
402 3245 443 3294 An
460 3246 609 3296 consociare
628 3263 669 3297 nr·
705 3247 811 3308 dicitur,
823 3247 919 3297 luctum
932 3248 1013 3297 videri
1026 3259 1122 3311 potest,
1141 3265 1240 3299 memo·

145 3323 202 3372 bem
213 3323 265 3372 dici
285 3322 384 3383 possint
398 3319 454 3370 i'ous
472 3327 500 3370 et
517 3324 608 3384 amuis,
625 3324 668 3388 qui
705 3324 749 3372 rire
763 3323 942 3386 prodiderunt,
961 3331 989 3372 ut
1008 3326 1138 3375 Diodorus
1154 3326 1236 3376 sicui.

143 3412 224 3462 prope
236 3397 326 3446 urbcnr
337 3397 386 3445 sibi
399 3396 541 3445 miscentur
555 3397 669 3461 jungnn·
706 3412 744 3447 vr.
755 3399 796 3448 lib.
809 3399 868 3460 iuste
880 3414 895 3447 a
906 3400 1050 3461 pastoribus
1071 3399 1140 3451 iorte
1158 3402 1238 3465 injec-

142 3482 246 3539 trisque,
256 3472 349 3523 merito
360 3472 495 3533 ambigam.
705 3481 742 3531 to,
753 3482 833 3523 totam
852 3490 908 3523 eam
929 3477 1058 3536 regionem
1080 3484 1240 3540 montanam,

177 3550 226 3599 No.
243 3553 299 3598 Μ
334 3547 451 3610 Tolosam]
469 3548 668 3611 Tectosagorutn
706 3552 749 3600 nbi
768 3550 883 3613 plurimu
904 3551 1126 3610 silomcuminnis
1139 3556 1240 3619 aliquot

143 3625 243 3686 urbem,
265 3625 332 3672 inter
354 3623 520 3672 Cerrrmenum
538 3632 566 3673 et
588 3625 668 3689 Pyre·
705 3622 1238 3694 anuisdeflagrassc,etinsieusonternPy·

143 3715 237 3760 neum,
258 3699 349 3748 Gallia
373 3697 536 3748 Narbonensi
559 3703 667 3750 attribu·
706 3714 819 3749 renaeum
838 3701 1054 3763 cognominatum.
1098 3702 1162 3752 Aliis
1183 3705 1239 3767 pia·

143 3784 189 3826 unt
208 3777 307 3836 Cesar,
325 3775 482 3838 Pomponius
498 3775 578 3835 Maia,
597 3777 668 3825 Mar·
705 3783 750 3825 cet
761 3774 939 3838 briroisvpbs
951 3777 1053 3840 quidem
1071 3793 1162 3827 nomen
1183 3778 1239 3830 fac·

141 3853 260 3910 callium,
278 3858 305 3899 et
324 3849 376 3898 ulii.
410 3848 593 3914 Antiquissima
615 3853 667 3902 cia·
706 3859 770 3914 turn,
791 3853 835 3900 sed
858 3853 907 3901 alls
930 3853 1039 3902 ratione.
1079 3854 1132 3904 Ant
1155 3856 1238 3918 enim,

142 3930 291 3992 rissimaqtse
304 3927 375 3988 urbs,
390 3940 482 3974 nomen
500 3927 611 3989 priscum
624 3929 667 3977 ad·
705 3927 773 3992 quoti
788 3935 970 3990 tempeststurn
991 3937 1119 3992 tempure,
1137 3946 1195 3996 qun
1207 3933 1238 3981 ii·

142 4006 190 4052 buc
217 4003 334 4052 retinuit.
373 4001 489 4051 Plurima
516 4002 549 4051 da
571 4004 668 4055 Tolosa
706 4008 738 4054 ilc
758 4005 916 4069 frequentes,
932 4008 1080 4056 caeiestibus
1102 4009 1155 4058 iilis
1172 4011 1240 4072 igni·

142 4080 305 4128 tradiderunt
321 4078 415 4127 Strabo
437 4079 505 4144 libro
524 4088 626 4142 quarto,
641 4088 668 4131 st
705 4081 752 4129 bus
764 4089 832 4130 totus
845 4097 915 4129 mous
928 4082 972 4130 diu
985 4082 1078 4131 ardere
1097 4084 1238 4135 rideatur:

141 4156 259 4207 lustinus
272 4155 400 4206 tricesimu
411 4154 543 4204 sacundor
560 4170 668 4220 quorum
705 4165 751 4206 aut
770 4157 839 4221 qnod
859 4157 952 4207 montis
975 4158 1107 4209 innumera
1125 4161 1238 4226 jugalis
