2804 4764
234 296 320 380 1048
583 308 690 360 noum
715 311 913 360 vaurouuu
942 315 979 361 tu

236 463 277 505 est
294 454 424 521 dactylus,
438 453 498 518 quin
514 453 608 503 Graeoe
623 454 759 516 οοῐδρωμοε.
798 453 925 514 attribuit,
936 468 1012 518 qnam
1024 453 1152 507 Ansouius
1169 461 1197 503 et
1209 453 1326 513 Octasti-

236 531 304 580 Item
315 530 375 594 qnia
385 529 495 578 §burm
505 529 600 578 dicitnr
614 537 722 578 accentu
735 529 760 576 in
797 527 838 576 ebi
858 527 947 577 Greci
967 528 1045 590 po'e'ts
1063 529 1175 578 lbaleti.
1208 530 1327 580 Patriam

236 604 424 669 prima,eo(lem
436 605 514 653 modo
524 603 634 653 mediam
645 604 760 665 corripit.
798 608 883 650 auteur
901 601 993 652 babuit
1013 604 1150 653 buconiam
1162 605 1246 655 Chilo.
1279 607 1328 655 Lu·

237 683 273 731 Et
295 694 424 744 nunquam
445 681 526 729 'sliter
553 680 667 729 invenies
693 680 761 741 spurl
798 676 984 740 eonie,quoet
997 678 1237 741 Lacedaemonium
1249 681 1326 730 Pelo·

235 755 367 816 Plautum,
388 754 449 817 quin
471 753 579 804 mediam
606 755 631 803 in
658 754 761 803 nomine
799 758 990 811 ponnesoerat.
1014 752 1223 815 Peloponnenaes
1231 755 1328 804 Dorice

236 828 409 892 ‘Philippos'
424 828 591 892 corripuerit.
621 830 696 880 otton
715 829 761 877 mi·
798 825 979 889 loquebantur,
997 833 1026 876 nt
1043 827 1134 877 scribit
1149 830 1244 879 Strabo
1259 830 1329 879 libro

237 919 293 953 rum
303 909 344 952 cst
359 904 384 952 lu
401 904 539 967 positione.
571 905 623 954 Sed
635 905 762 968 qnoerenti
799 909 901 952 vnnet
917 913 1021 954 veteres
1041 906 1209 957 Grammatici
1229 908 1328 970 Greci,

237 996 354 1031 caussam
365 988 499 1030 accentum
510 995 612 1044 semper
623 988 761 1044 praeteriet.
798 980 843 1043 qui
854 979 886 1028 de
898 976 1028 1029 Disiectis
1045 982 1210 1045 praecipiunt.
1243 983 1328 1032 Dones

236 1058 313 1108 Talia
324 1058 404 1106 multa
413 1065 472 1106 sunt
482 1057 551 1120 apud
562 1057 692 1116 Plautum,
703 1070 762 1119 quse
799 1053 851 1112 nin
863 1071 878 1102 a
889 1053 1035 1103 mutabant.
1066 1055 1173 1117 Contra,
1186 1055 1264 1105 lones
1275 1073 1291 1104 a
1301 1059 1329 1105 in

239 1133 366 1183 studiosos
377 1147 461 1196 perse
471 1147 761 1196 quamoperameacog·
799 1147 815 1187 ιγ
828 1129 973 1191 vertebant,
993 1129 1105 1194 nihilque
1124 1131 1329 1182 contrahebant:

236 1210 444 1260 nosceremaiim.
465 1211 574 1260 -Coutra
582 1216 659 1260 aetste
669 1210 764 1273 l'lanti,
800 1211 827 1253 et
839 1205 887 1253 lon
903 1210 959 1253 crat
970 1205 1073 1267 Thales,
1082 1219 1115 1254 ex
1134 1205 1227 1254 Mileto
1247 1206 1328 1257 looias

239 1287 304 1336 utin
316 1287 462 1351 quantitate
473 1285 638 1349 syllabarum,
649 1287 687 1336 sic
698 1293 725 1334 et
737 1286 762 1334 in
800 1280 904 1330 ciuitate
921 1281 948 1330 in
965 1280 1035 1330 Asia.
1067 1280 1209 1331 Ausonium
1230 1281 1330 1346 itaque,

238 1360 456 1411 declinationibus
473 1361 624 1410 latinismos
644 1360 763 1409 atlmitte-
801 1358 843 1422 qui
860 1358 962 1407 Titaleti
981 1357 1120 1422 adscripsit
1138 1359 1204 1407 banc
1224 1366 1329 1408 seuten-

240 1437 311 1486 bant.
355 1437 485 1486 Dicebant
519 1438 586 1486 enirn
617 1437 763 1495 Nestorem,
801 1433 874 1496 tiam,
889 1433 1027 1482 verisimile
1047 1439 1088 1482 est
1107 1434 1251 1497 scripsisse,
1272 1434 1329 1494 Ἐγ-

240 1511 389 1572 Hectbrem,
400 1511 527 1575 quomodo
537 1512 682 1573 Rectorem,
691 1511 764 1560 bien·
800 1505 860 1566 γύαι
870 1505 932 1571 arripe
942 1507 964 1556 δ’
974 1506 1029 1565 bru.
1061 1509 1113 1558 Eos
1125 1522 1196 1570 rero,
1206 1509 1251 1572 qni
1269 1509 1329 1558 cbi-

239 1600 333 1649 sorem,
343 1595 371 1636 ct
381 1587 480 1640 similia.
758 1612 760 1620 ·
802 1584 866 1632 louis
876 1598 933 1633 esse
946 1583 1123 1648 crediderunt,
1133 1583 1224 1646 Ῥκγγύα
1233 1584 1296 1649 πόρε
1306 1585 1329 1633 δ’

273 1664 367 1727 uacua]
383 1661 483 1724 Ἐγγύα.
499 1662 561 1727 arripe
576 1663 598 1712 δ’
609 1663 663 1727 bro,
677 1673 763 1728 protu·
802 1660 856 1712 lira.
889 1662 1009 1711 Ceterum
1020 1662 1052 1710 sle
1064 1660 1111 1709 bac
1120 1662 1261 1723 sententia,
1268 1662 1329 1724 lege

140 1781 146 1784 .
238 1740 278 1788 lit.
312 1739 354 1787 lta
381 1739 476 1788 Graeca
502 1739 557 1789 baec
579 1740 605 1789 in
629 1741 764 1789 Charmide
803 1738 936 1787 Bruanium
953 1737 979 1783 in
991 1744 1107 1784 extrema
1122 1738 1239 1785 centuria
1254 1744 1330 1786 acaia

239 1813 368 1877 Platonis,
384 1814 533 1878 Laertiique
554 1816 669 1878 Chilone,
684 1823 710 1863 et
727 1816 764 1863 sic
804 1813 892 1874 primas
913 1811 1037 1860 Cbiliadis
1054 1810 1221 1874 Adaglorum.
1259 1811 1329 1860 Viae·

240 1891 266 1938 in
278 1891 366 1940 lodoci
375 1890 449 1939 Badii
458 1890 664 1954 editione,qnum
674 1892 700 1939 in
710 1890 766 1938 aliia
803 1893 850 1935 tus.

239 1966 352 2024 terebra
371 1981 419 2029 pro
435 1967 489 2016 tiro.
523 1969 571 2016 Est
587 1975 673 2016 autern
690 1967 766 2028 ύγγύα
835 1961 1328 2025 tuumquadpraemt1Prarest,boc

240 2043 417 2104 imperativus,
433 2056 479 2103 pro
499 2041 595 2103 ἐγγύαι,
614 2042 646 2091 ab
665 2041 766 2103 ύγγυόο,
803 2045 853 2099 est,
864 2038 945 2087 adest.
979 2039 1016 2087 Ut
1026 2039 1094 2088 intro
1105 2038 1138 2087 ab
1149 2052 1191 2100 ιιι,
1201 2038 1239 2087 ita
1250 2040 1328 2089 ctiam

240 2116 365 2177 spondeo.
403 2115 469 2178 nepe
490 2131 537 2180 pro
557 2115 664 2178 adponi,
682 2118 764 2167 adast.
803 2113 905 2162 Praesto
932 2129 948 2162 u
975 2126 1051 2162 annas
1078 2113 1185 2162 dictum.
1218 2114 1328 2162 Festus:

234 2191 307 2251 Ἄτη,
319 2192 374 2240 siue
390 2189 437 2239 tea
454 2193 562 2253 Dorice,
573 2207 648 2250 noxa,
663 2194 766 2242 calami·
803 2189 895 2238 ‘Praes
907 2197 947 2238 est
959 2191 990 2250 is,
1001 2189 1044 2253 qui
1060 2190 1154 2252 populo
1173 2203 1201 2237 ae
1216 2189 1328 2252 obligat:

241 2274 291 2329 tas,
313 2267 441 2316 damnum.
454 2289 461 2300 -1
475 2269 596 2316 Ceterum
623 2269 644 2316 si
666 2283 764 2318 uersum
804 2264 1034 2328 Interrogantique
1068 2278 1083 2311 a
1118 2263 1281 2325 magistratu,
1307 2263 1328 2311 si

239 2343 308 2392 lrnnc
324 2343 361 2390 sic
381 2342 467 2391 emisit
481 2343 617 2403 Ausonius,
633 2344 694 2407 quia
714 2351 766 2391 tro·
804 2357 870 2405 prus
881 2342 925 2404 sit,
935 2342 978 2390 ille
988 2339 1213 2404 responsionum
1229 2340 1250 2387 si
1263 2353 1329 2402 pras

241 2418 340 2465 cboenm
352 2431 402 2465 non
419 2417 533 2467 admittit
546 2424 655 2466 metrum
672 2418 766 2466 lumbi·
804 2419 848 2476 sit,
866 2419 914 2468 boc
933 2426 981 2476 est,
1002 2418 1023 2465 si
1046 2422 1142 2479 praesto
1163 2415 1222 2465 est!
1254 2415 1329 2466 Quod

241 2505 308 2553 cnm,
323 2493 349 2540 in
367 2491 442 2552 ύγγύι
459 2494 624 2555 penultimam
641 2493 766 2556 syllabam
807 2508 866 2542 rere
884 2509 899 2542 a
916 2495 990 2543 uobis
1009 2493 1069 2541 olim
1090 2492 1115 2540 in
1128 2492 1272 2542 Varronem
1283 2505 1327 2539 ex-

241 2566 401 2630 produxerit,
421 2568 488 2615 sicut
509 2567 534 2615 iu
552 2564 640 2626 ύγγύην
659 2565 767 2615 (inacus
805 2569 976 2632 positumest.
1010 2569 1127 2630 Saetiger.

241 2641 321 2705 poeta
342 2640 413 2690 iecit.
448 2641 487 2690 Ac
507 2641 543 2689 ita
565 2640 694 2703 spondeus
717 2642 768 2690 erit
838 2645 910 2692 Nono
929 2646 989 2706 puori
1005 2650 1092 2707 prosto
1114 2649 1157 2704 est,
1175 2643 1251 2706 natm]
1278 2644 1330 2691 lin-

239 2732 287 2781 pro
297 2716 387 2766 lambo
403 2716 430 2764 iu
447 2717 558 2766 secontia
568 2717 639 2778 sede,
656 2726 685 2764 ut
697 2731 768 2780 saepe
783 2751 784 2754 =
807 2719 893 2782 tiquus
911 2719 984 2780 liber,
1006 2720 1120 2782 sonnacio
1140 2725 1246 2780 praseae.
1280 2720 1330 2767 Ubi

239 2793 369 2843 invenitur
382 2795 497 2857 posuisse
508 2795 650 2844 Ausonius:
668 2794 769 2843 obean-
803 2799 894 2856 presset
916 2808 963 2856 pro
984 2793 1101 2858 prest'est.
1133 2794 1230 2845 Quales
1255 2800 1331 2843 erant

241 2869 353 2933 demque
360 2885 461 2920 causam
475 2871 581 2934 primam
593 2871 618 2918 in
627 2867 699 2932 πάρα,
709 2883 767 2933 quire
805 2870 965 2933 Synaioepbae
978 2870 1064 2918 uiuite
1075 2869 1100 2917 in
1120 2869 1173 2931 illo,
1186 2877 1216 2917 ut
1226 2876 1331 2917 annota-

240 2946 335 3008 pasaim
355 2949 450 3011 corripi
469 2949 606 3011 reperitur,
617 2946 767 3009 productam
806 2945 887 2993 vimus
899 2947 924 2992 in
934 2946 1043 2994 Carmen
1053 2945 1200 2993 vicesimum
1212 2945 1329 3007 quintum

241 3034 298 3070 esse
320 3025 438 3073 soluerit.
473 3024 547 3076 Quod
574 3032 601 3072 et
627 3022 767 3072 Homerum
805 3019 1048 3072 nsProtessortuus.
1086 3021 1192 3070 Visetur.

240 3096 371 3147 interdum
382 3098 481 3161 fecisse,
495 3099 644 3149 Euatatbins
662 3098 768 3146 Homeri
839 3097 912 3144 Nouo
932 3099 993 3158 qaod
1011 3096 1121 3159 protest]
1146 3096 1246 3146 Probat
1265 3098 1329 3148 Ger.

242 3177 269 3219 ct
289 3172 409 3236 Dionysii
435 3180 622 3223 commentator
648 3173 768 3221 ostendit.
805 3172 911 3220 Vossius
922 3171 947 3218 in
965 3172 1152 3234 Etymologico,
1166 3173 1331 3235 tauquamab

242 3244 294 3294 sed
317 3261 363 3309 pro
390 3246 476 3308 inca,
503 3248 675 3310 Lugdunense
704 3247 767 3296 illud
805 3247 1020 3298 inusitatoverbo
1037 3247 1332 3310 prassumudepartl-

242 3321 383 3383 exemplar,
391 3321 623 3384 scribcbeteagyu:
639 3321 705 3384 quod
715 3336 767 3370 aus·
805 3325 900 3388 olpium
922 3338 1025 3386 presens
1050 3324 1129 3373 etiam
1149 3338 1217 3373 nunc
1236 3325 1262 3373 in
1284 3339 1333 3374 usn

242 3397 337 3460 piceris
359 3398 446 3459 ἐγγύαι
471 3413 527 3447 esse
547 3399 659 3448 debere:
684 3405 711 3448 et
732 3399 768 3448 sic
806 3406 856 3449 cst.

241 3472 384 3523 Ausonium
404 3473 537 3536 acripaisse
554 3488 605 3523 non
622 3470 708 3534 ἐγγύα,
722 3472 767 3521 scd
837 3479 869 3523 2⁰
887 3476 948 3523 Hac
968 3490 1009 3523 sos
1032 3489 1132 3535 mmm,
1146 3475 1264 3534 sacratis
1284 3489 1333 3522 aes

242 3547 337 3609 mica,
356 3549 412 3598 sine
435 3549 622 3610 contractione,
643 3554 673 3598 nt
693 3547 769 3597 metri
802 3549 893 3613 placet]
910 3551 979 3599 Elias
991 3549 1234 3613 Vinctuaexpliost,
1247 3549 1333 3608 seam

241 3624 371 3674 montius
389 3640 435 3689 pes
451 3626 485 3674 slt
502 3626 620 3691 dactylus
635 3627 676 3675 rel
693 3639 769 3688 spon·
805 3627 924 3688 obligatis.
944 3628 1000 3689 Ego
1011 3626 1107 3689 potina,
1119 3624 1332 3683 famatibuucl

242 3698 306 3750 deus
319 3717 365 3765 pro
382 3702 489 3763 iambo;
507 3709 535 3752 et
546 3703 638 3752 tertius
649 3702 768 3754 lambnat
798 3702 984 3761 sacratoribus,
1002 3701 1046 3765 qui
1057 3701 1188 3750 collocare
1198 3701 1282 3750 soient
1292 3698 1334 3750 fe·

242 3787 331 3826 serum
341 3777 410 3827 idem
423 3785 496 3826 vetos
505 3777 588 3826 codex
599 3778 680 3840 lingis
691 3780 769 3830 etiarn
805 3779 870 3827 nori.
889 3779 954 3828 Nam
967 3778 992 3826 bi
1001 3777 1098 3825 nollent
1106 3775 1221 3824 homines
1229 3777 1334 3837 terreri,

242 3865 290 3916 pro
301 3852 391 3915 Ἐγγύα
401 3852 532 3903 scribebat
542 3853 568 3902 in
575 3852 702 3914 Thalete·
721 3857 770 3904 Era·
805 3867 837 3902 ne
846 3853 1003 3917 spondeant,
996 3867 1003 3880 ·
1010 3852 1069 3916 quia
1076 3858 1194 3900 metuunt
1203 3850 1333 3913 luturnm3

239 3929 555 3992 piopondotceceetiicistsa.
574 3929 617 3977 nbi
629 3930 697 3978 nulla
714 3929 769 3981 ine·
804 3933 881 3980 istrie
893 3932 976 3979 minos
986 3936 1084 3978 certum
1093 3927 1127 3975 sit
1136 3926 1185 3974 illis
1194 3925 1332 3979 creditum.

242 4005 277 4052 rit
300 4005 457 4069 synaloepbe.
496 4003 550 4054 At
561 4018 622 4053 vero
650 4006 770 4068 qnoniam
806 4007 945 4056 Gronovius
1065 4033 1067 4042 ·

242 4078 469 4141 ambigituretiam
489 4078 522 4126 de
540 4078 612 4142 hujus
631 4080 768 4131 sententie
837 4085 868 4130 21
886 4076 1173 4142 Dmrequcdurassdem
1182 4091 1255 4127 error
1262 4081 1333 4142 apud

241 4160 360 4204 auctore.
393 4155 526 4220 Diogenes
540 4167 651 4218 namque
668 4155 768 4207 chiloni
804 4154 996 4209 Prudentium
989 4169 1016 4204 us
1034 4154 1097 4202 Vita
1107 4153 1181 4203 Rom.
1192 4154 1331 4219 Martyris:
