2804 4764
154 302 241 370 lusu
478 312 669 367 11111111
705 301 918 366 1111111111

154 486 221 526 cunr
234 471 393 545 reperisset
417 465 557 525 nonnulla
570 464 689 523 Ausonii
710 461 839 523 earmina
859 461 915 520 situ
935 468 1092 538 occupata,
1106 477 1147 518 ac
1173 459 1242 520 locis

154 562 301 639 plerisque
324 570 470 637 corrupta,
486 578 521 618 ne
543 559 661 617 omnino
680 557 894 627 interciderent,
908 554 1073 626 emendata,
1088 572 1163 613 cum
1179 555 1243 615 reli·

155 656 220 734 quis
233 656 366 733 ejusdem
380 655 504 732 seriptis,
520 652 627 711 excudi
641 653 763 711 curavit.
806 654 882 711 Sunt
893 659 990 710 autem
1005 650 1070 709 lroec
1086 648 1162 722 fere,
1176 666 1242 727 que

156 770 214 809 non
228 751 295 810 alias
309 751 387 810 edita
404 751 433 809 in
447 751 543 808 lucem
558 749 699 826 protulit:
719 746 883 806 Theodosii
902 744 939 804 ad
956 745 1119 804 Ausonium
1135 743 1246 821 episto·

155 847 204 916 1a;
240 845 361 904 Ausonii
389 844 528 915 disticha,
556 842 663 920 quihus
687 841 855 901 Theodosio
880 840 1094 918 respondetote
1131 841 1242 917 priores

158 951 284 1017 quatuor
296 941 332 999 ad
355 939 507 998 Paulinum
521 937 671 1015 epistolae
692 945 782 1012 atque
795 936 831 995 ad
846 934 1059 1015 Symmachum
1074 951 1147 1003 una,
1160 933 1245 1009 an'us

156 1035 287 1093 initium:
310 1034 463 1113 ‘Intelligo
480 1051 568 1109 quam
590 1031 751 1091 molientes
775 1033 813 1091 sit
836 1031 948 1092 oratiu.'
988 1031 1176 1089 Memoratnr
1190 1030 1254 1089 Su·-

157 1129 241 1187 chao
255 1147 286 1205 p.
300 1142 425 1187 11111111.

200 1230 275 1283 1515
297 1223 415 1300 lipsiae,
437 1221 554 1299 (lipzh)
577 1231 606 1282 4.
621 1241 674 1300 per
696 1223 781 1283 Rich.
799 1224 938 1293 Crocum,
952 1219 1005 1298 qui
1030 1239 1063 1279 se
1087 1218 1244 1296 profitetur

159 1321 280 1381 Ausonii
294 1340 384 1400 opera
397 1319 550 1397 diligenter
569 1321 738 1396 castigasse,
751 1330 780 1379 11
799 1321 828 1380 11
843 1319 989 1378 meliorem
1013 1317 1148 1376 ordinem
1164 1316 1245 1376 rede·

159 1417 244 1492 gisae.
285 1417 348 1477 Sub
359 1416 458 1476 tabula
472 1417 681 1494 opusculorum
694 1416 816 1476 Ausonii
829 1414 966 1492 incapite
978 1411 1045 1472 libri
1057 1421 1122 1471 est:
1147 1413 1243 1472 ‘Sub-

160 1511 265 1570 dentur
278 1511 482 1587 castigationes
498 1511 527 1568 in
543 1511 705 1569 uuiversum
718 1529 794 1589 opus
812 1509 849 1568 ad
871 1510 980 1569 calcem
995 1507 1125 1585 operior
1138 1507 1190 1566 sed
1205 1524 1245 1566 ere

160 1606 189 1663 in
203 1607 337 1683 exemplo
350 1606 475 1666 Ernestii
489 1607 576 1667 nullm
599 1616 700 1674 emon
722 1625 776 1665 nec
798 1605 861 1664 aliia
875 1605 945 1664 riaae
958 1612 989 1663 et
1002 1612 1180 1663 memoratae
1202 1620 1245 1661 re·

161 1712 322 1777 pariuntur.

205 1795 280 1856 1516
303 1797 489 1858 11111111
515 1797 628 1856 sedibus
647 1794 830 1854 Ascensianis
851 1792 931 1853 edita
955 1790 1105 1852 Enodatio
1131 1789 1247 1868 Griphl.

164 1898 250 1957 1517.
285 1891 419 1952 Precatio
435 1889 577 1950 matutina
590 1889 628 1949 ad
642 1890 872 1965 omnipotentem
889 1890 1001 1956 Deum
1026 1893 1115 1947 1518.
1141 1887 1248 1946 Versus

160 1985 313 2062 paschales
324 1986 431 2044 ibidem
446 1996 478 2045 et
490 1984 591 2044 eadem
607 1984 702 2042 farma
712 1983 850 2059 prodiere
859 2001 926 2042 cum
934 1982 1133 2057 explicatione
1146 1983 1250 2042 rone.

161 2080 253 2156 Sylvii
266 2081 466 2150 Ambianatis3
489 2081 540 2158 qui
554 2079 700 2157 scaligero
714 2077 865 2156 ‘nugator'
880 2079 1054 2155 appellatur.

206 2181 281 2242 1517
301 2175 391 2234 Paria.
406 2182 468 2233 4.1
486 2174 579 2233 Miclr.
601 2173 811 2250 Humelhergio
831 2190 914 2231 emen
924 2172 1006 2242 data,
1019 2191 1070 2250 ap.
1084 2171 1160 2232 lod.
1175 2170 1247 2231 llud.

163 2269 346 2328 Ascensiurn.
388 2269 437 2328 Nil
461 2269 551 2328 1111111
573 2266 694 2326 maxime
721 2268 898 2335 notandum,
928 2268 982 2327 nisi
1004 2267 1085 2344 quod
1115 2267 1251 2327 ultimum

164 2364 297 2422 Mosellae
311 2381 436 2435 versum,
445 2363 496 2441 qui
509 2381 587 2422 nunc
600 2362 630 2421 in
645 2362 771 2440 vulgatis
779 2373 915 2442 apparet,
930 2361 1252 2438 111111111111111111111

163 2458 288 2516 Ausonii
299 2476 392 2536 opera
405 2461 433 2517 ln
448 2460 579 2536 quinque
594 2468 690 2517 tomos
708 2459 818 2518 tributa
842 2466 1052 2537 mpraesentetr
1074 2457 1103 2514 111
1127 2475 1252 2534 quamn

163 2553 267 2630 primo,
290 2553 526 2631 Epigrammata:
548 2553 576 2612 iu
599 2551 739 2624 secundo,
759 2553 895 2631 Edyllia:
916 2553 945 2610 in
969 2552 1067 2620 111111,
1091 2549 1252 2626 Epistulae:

164 2647 192 2703 in
207 2659 322 2724 quarto,
336 2648 503 2707 Gratiarum
516 2647 606 2719 actio,
622 2646 723 2707 Ludus
738 2664 801 2708 vu.
835 2649 1016 2726 Sapientum‚
1032 2646 1193 2722 catalogus
1207 2665 1256 2703 ur·

166 2731 405 2815 11111111,1,11111·11Ι
431 2743 577 2814 Herculis,
605 2744 754 2803 Caesarum
782 2744 941 2802 duodecim
966 2740 1200 2820 descriptiones:
1226 2739 1255 2795 in

165 2837 279 2915 quinto,
307 2839 465 2905 Periculum.
506 2837 575 2896 Vid.
597 2839 728 2897 Maittar.
753 2842 831 2897 Ann.
852 2848 915 2918 typ.
937 2839 978 2896 T.
1005 2854 1043 2897 11.
1067 2854 1098 2913 p.
1124 2834 1199 2896 806.
1224 2844 1255 2892 11

165 2934 309 2994 Suchaeus
323 2934 342 2993 l.
357 2954 384 2992 c.
406 2935 513 2994 Verum
529 2934 554 2992 si
573 2934 668 3012 ipsum
684 2934 807 2992 Badium
822 2935 850 2992 iu
867 2933 951 3010 praef.
965 2932 1002 2990 ad
1018 2949 1120 2990 omues
1136 2930 1257 3008 politio·

53 3028 56 3034 '
165 3028 202 3086 ria
225 3028 379 3087 literaturae
401 3030 548 3089 studiosos
570 3028 682 3100 audias,
697 3029 847 3106 pulchrius
868 3031 891 3087 is
913 3028 951 3087 de
975 3045 1027 3086 sna
1050 3026 1106 3084 hac
1126 3025 1255 3084 editione

165 3124 257 3196 (certe
271 3123 374 3196 nitida)
387 3124 544 3183 existimari
558 3124 677 3200 cupiens
692 3122 842 3199 praedicat,
858 3132 998 3201 quantum
1022 3120 1059 3180 ad
1075 3119 1202 3179 Ausonii
1214 3119 1257 3176 in·

166 3215 331 3292 tegritatem
348 3216 403 3293 ipsi
417 3217 581 3294 proluerint
602 3216 712 3276 acholae
733 3216 854 3276 Hieron.
876 3216 1016 3276 Aleandri
1027 3222 1107 3293 (post
1120 3217 1154 3274 S.
1170 3216 1207 3274 R.
1222 3215 1268 3272 E.-

167 3308 342 3382 Cardinalis)
364 3311 394 3370 in
417 3319 532 3388 poetam
558 3313 672 3371 Parisiis
695 3312 734 3370 ab
758 3311 911 3371 llomedeo
930 3320 1071 3389 exceptae.
1113 3310 1255 3369 Sicilie:

168 3402 347 3462 ‘Plurimum
363 3406 481 3481 quidem
496 3407 586 3465 debes
595 3405 734 3481 jurentur
749 3406 878 3465 studiosa
893 3404 1071 3484 Hieronymo
1086 3405 1255 3464 Aleaudroz

167 3497 231 3555 viro
245 3501 290 3573 (ut
313 3501 403 3573 nosti)
424 3501 552 3579 impense
567 3501 675 3561 ducto:
698 3503 749 3579 qui
770 3503 879 3580 primus
894 3501 1027 3560 Ausonio
1049 3499 1257 3577 Burdegalensi

168 3599 264 3668 poetae
278 3593 467 3670 lepidissimo,
481 3616 539 3655 non
552 3597 645 3656 solum
658 3616 772 3669 nasum,
787 3614 908 3676 ungues,
923 3597 1053 3674 capillos,
1070 3605 1101 3655 et
1114 3595 1144 3653 id
1167 3614 1257 3674 8111111

168 3687 301 3747 membra
314 3691 453 3750 vetustati
466 3692 593 3750 obnoxia
607 3691 748 3751 restituit:
771 3693 964 3751 verumetiam
979 3700 1068 3768 caput
1083 3691 1180 3768 ipsum
1191 3709 1257 3749 curn

169 3783 308 3859 pedihus,
323 3785 461 3862 bonaque
475 3787 577 3865 reliqui
587 3787 717 3865 corporis
732 3799 814 3865 parte
825 3788 964 3865 temporis
974 3786 1119 3845 edacitate
1131 3795 1164 3844 et
1174 3805 1260 3845 secu·

169 3879 262 3936 lorum
284 3877 397 3936 incuria
418 3888 507 3957 atque
528 3881 634 3957 injuria
655 3882 843 3960 absumptum
867 3880 1052 3941 reformavit:
1073 3881 1139 3957 plus
1162 3891 1260 3940 tamen

169 3972 262 4030 eidem
277 3972 432 4034 debitara:
455 3975 505 4033 ubl
526 3978 606 4054 quod
630 3979 698 4037 olim
719 3979 854 4055 concepit
874 3987 906 4036 et
923 3975 1118 4052 jampridem
1133 3976 1258 4052 parturit

169 4067 262 4146 (quod
279 4069 447 4149 propediem
469 4069 596 4131 futurum
618 4077 780 4152 speramus)
794 4073 905 4152 pariet:
928 4072 1091 4132 luculentas
1117 4070 1257 4131 videlicet
