2804 4764
227 298 293 364 994
488 317 493 325 ·
579 306 685 354 noun
710 303 908 353 vunionnn
934 302 974 351 iu

228 459 283 507 darn
296 468 367 517 puero
377 466 471 514 compar
481 449 539 500 ruini
549 449 681 510 discipulo:
699 462 755 495 noc
792 459 842 510 qne
852 445 913 494 olim
929 443 1019 504 fuerit,
1033 454 1065 493 ea
1082 455 1140 506 ans
1149 445 1223 491 esset
1234 438 1260 490 iu
1269 455 1320 491 rue·v

229 533 272 581 dle
287 529 370 579 debinc
378 528 447 588 socio
459 527 561 575 Risetorr
572 525 754 572 Grammaticus.
793 521 843 571 diis
863 518 1035 580 Carminibus,
1061 516 1133 566 disce
1153 530 1187 566 cx
1206 524 1321 566 extremo

229 607 353 670 Sangae,
794 595 991 660 Hephaestionis
999 592 1153 654 enchiridio,
1161 593 1322 657 vetustisque

265 689 283 734 4
307 678 434 740 Dardano]
466 676 578 739 Trojano
613 673 756 737 progenies.
793 671 973 734 Aristophanis
985 668 1179 732 interpretibus.
1201 669 1308 719 Viselar.

229 757 339 810 Glabrio
348 769 440 806 nomen
461 761 500 802 est
513 753 652 800 Romanum
668 757 696 797 et
708 751 755 798 ba·
827 753 840 797 1
860 750 956 798 sterne
967 747 1035 812 libri]
1044 748 1155 798 Veteres
1166 754 1196 797 ut
1215 749 1241 797 in
1253 749 1324 798 calce

230 835 321 885 tinum.
357 833 480 881 Ceterum
508 827 677 888 undecunque
698 825 755 873 baec
794 825 915 874 librorum
951 822 1098 873 coronidem
1137 823 1325 886 appingrbant,

229 923 291 972 gens
316 906 483 970 Burdigalam
511 905 634 959 venisset,
666 899 757 948 scribit
795 902 842 962 ita,
852 910 880 949 ut
893 901 1018 965 suspicor,
1033 901 1059 950 in
1070 899 1155 950 fronte
1166 900 1282 949 lunulam
1293 900 1324 948 ad

230 982 394 1035 Herodianus
410 980 476 1028 libro
493 978 616 1036 serundo,
634 973 702 1038 quod
713 975 756 1022 illc
797 985 916 1026 ornatum
928 976 1108 1040 designabant.
1140 975 1228 1026 Menis
1238 983 1325 1025 autem

232 1058 338 1108 Glabrio
360 1055 419 1120 (boc
440 1062 540 1102 tantum
556 1053 581 1101 ei
598 1065 690 1099 nomen
708 1050 756 1097 eti·
796 1054 883 1102 lnnnla
900 1061 950 1114 est,
961 1067 1019 1117 quas
1036 1067 1094 1102 curn
1106 1052 1268 1102 corniculata
1282 1052 1325 1114 sit,

231 1150 272 1185 am
289 1135 314 1183 in
329 1133 455 1183 Chronico
467 1126 627 1190 Cassiodori)
640 1140 715 1189 quem
731 1126 756 1172 iu
796 1127 894 1177 idcirco
902 1136 928 1176 et
938 1142 1035 1177 cornua
1044 1128 1129 1178 Latini
1137 1141 1168 1176 ea
1175 1135 1328 1178 ornamenta

231 1226 278 1261 sno
293 1210 434 1261 Consulatu
451 1206 553 1269 quincto
573 1204 696 1264 collegam
713 1200 758 1247 ba·
795 1202 917 1251 librorum
930 1216 1064 1252 eocarere.
1083 1202 1186 1254 turmo.

232 1287 287 1335 buit
299 1283 453 1335 Commodus
465 1276 757 1343 tyrannus,etcuiPer·
829 1284 843 1326 5
865 1277 990 1327 Vinculum
1011 1278 1137 1341 inlecebra]
1156 1279 1236 1328 Liber
1258 1280 1327 1344 opti·

232 1362 304 1411 tinax
322 1358 435 1422 Imperio
456 1358 569 1406 Romano
584 1356 697 1402 libenter
716 1365 757 1400 ce·
797 1368 861 1414 mur,
873 1353 1027 1413 Visentium>
1043 1355 1081 1402 uti
1089 1353 1269 1403 Veteresolirn
1281 1355 1329 1403 cti·

232 1436 320 1498 debat,
331 1431 681 1483 Patriciorumuobilissimns
694 1434 759 1490 erat,
798 1444 839 1477 run
859 1429 884 1476 iu
906 1430 1025 1478 Carmine
1042 1428 1201 1478 scribebant.
1236 1427 1288 1477 Sed
1298 1435 1329 1477 ut

232 1519 260 1560 et
271 1510 339 1574 qnod
359 1523 439 1572 ganisa
460 1506 589 1556 referebat
613 1506 644 1553 sd
657 1506 758 1552 AEnraru
797 1504 838 1553 lsic
853 1503 1049 1565 ‘inlecebram’
1064 1505 1103 1554 ita
1122 1511 1151 1553 et
1166 1504 1192 1551 in
1205 1502 1330 1567 Epicrdio

232 1583 502 1648 'rrojssumvmsns
520 1588 549 1631 et
568 1579 689 1629 Anchisae
711 1579 759 1628 fili·
798 1579 885 1627 Patris
908 1579 1083 1628 laudationem
1108 1578 1328 1629 ‘oblectationem

234 1674 286 1709 nm.
308 1660 413 1710 Vinctus.
470 1654 474 1661 '
798 1653 1038 1704 virentium'rocat.

265 1734 469 1798 ocompcrnsilsi
484 1731 608 1795 discipulo]
625 1730 761 1792 Discipulos
830 1733 862 1778 10
887 1730 954 1777 Dassa
984 1727 1060 1778 deeor'
1089 1728 1204 1792 egregia]
1232 1729 1331 1791 Decor,

233 1818 292 1860 erat
311 1811 338 1860 in
355 1818 457 1858 vetusto
479 1809 578 1858 codice.
611 1806 686 1855 Unde
706 1821 760 1854 sus-
799 1806 913 1868 aurique,
930 1813 959 1854 nt
979 1818 1081 1870 corpor,
1098 1806 1246 1868 iocinor,et
1260 1805 1330 1856 aimi-

233 1886 301 1951 picio
323 1885 462 1944 suboritur,
483 1883 617 1946 scripsisse
641 1881 760 1942 Poetaui,
797 1880 840 1929 lia.
858 1881 973 1941 Scaliger.

232 1975 326 2024 conpar
341 1960 401 2009 milri
411 1959 548 2021 discipulus.
585 1957 724 2005 Uenirnet
737 1957 759 2002 0
830 1956 1168 2021 Dumdroororgrrgio]1n
1186 1957 1329 2020 exemplari

232 2045 263 2086 ut
282 2036 416 2098 plurimum
435 2032 637 2082 corsiundnntur.
671 2032 714 2079 Sic
733 2031 759 2078 iu
799 2038 857 2080 erat
867 2032 1049 2094 decoregregioe,
1063 2032 1111 2081 lsoc
1123 2039 1164 2081 eal
1173 2032 1251 2081 decor'
1262 2047 1330 2094 egre·
1388 2059 1394 2070 ·

232 2110 360 2158 Luciolo:
384 2108 515 2156 ‘Rhetora
534 2107 674 2167 Luciolnm,
698 2119 759 2154 con·
796 2107 856 2168 gie,
880 2121 928 2168 pro
958 2108 1041 2155 decora
1067 2108 1186 2168 egregie:
1214 2109 1282 2157 sicot
1302 2108 1330 2157 in

232 2184 385 2246 discipulum
403 2189 480 2243 atque
497 2180 658 2242 magistrum,
675 2180 760 2228 Colle·
798 2180 898 2230 decimo
919 2183 1055 2231 Carmine:
1088 2187 1096 2211 ⁸
1116 2184 1178 2233 Nati
1199 2183 1330 2247 operobti·

233 2271 342 2321 gensque
363 2255 454 2304 dehinc
474 2255 557 2302 nanis
570 2263 660 2302 moestu
672 2252 760 2302 refer!
798 2257 873 2317 uuit,'
891 2272 938 2320 pro
955 2262 962 2286 ⁶
976 2258 1039 2306 Nati
1051 2272 1133 2321 opera
1143 2256 1281 2307 obtinuit:'
1301 2263 1331 2306 et

232 2333 407 2398 AEqnipollere
419 2331 485 2380 eninr
503 2330 623 2379 ridentur
643 2330 760 2378 ‘condis
797 2332 823 2381 in
846 2333 1032 2396 sextodecimo,
1053 2335 1061 2362 ‘
1078 2335 1270 2398 mortoppetis,'
1280 2348 1329 2399 pro

233 2410 350 2472 cipulus,'
358 2407 402 2455 et‘
413 2420 518 2469 compar
528 2405 759 2469 discipulus.'Ver-
798 2409 926 2456 ‘mortem
943 2408 1082 2471 oppetis:’
1103 2424 1134 2459 ac
1155 2412 1180 2458 in
1198 2411 1329 2466 vicesimo,

233 2498 263 2531 su
287 2490 412 2545 sequente
443 2482 547 2543 legebat
576 2488 650 2530 retus
677 2482 760 2530 codex
796 2480 960 2543 ‘curelegis,'
980 2497 1027 2545 pro
1049 2484 1219 2546 ‘curaelegis
1230 2484 1248 2534 ι’
1264 2491 1291 2533 et
1301 2485 1329 2533 in

232 2573 312 2621 nsrqur
322 2557 422 2606 debinc.-
439 2556 525 2619 paullo
542 2565 613 2616 autc,
635 2557 760 2607 ‘Glabrio
797 2557 857 2605 ludo
867 2558 1028 2619 sapientum,
1051 2558 1059 2586 ‘
1074 2572 1143 2607 noxa
1158 2559 1219 2622 quia
1232 2565 1325 2622 proast-

232 2648 326 2683 nomen
349 2631 506 2692 uenturum:
527 2636 576 2679 tac.
604 2633 641 2680 sio
664 2632 760 2680 dictum
797 2632 856 2694 est,’
866 2647 912 2696 pro
930 2636 1015 2682 ‘noxa
1025 2633 1085 2696 quia
1097 2642 1193 2697 prasio
1204 2635 1265 2698 eat,’
1279 2649 1328 2698 per

234 2721 285 2774 est,
296 2718 326 2760 nt
338 2712 410 2772 alibi,
432 2710 576 2759 ίΑιιιοιιιιιι
595 2711 694 2758 Nomen
709 2710 760 2759 lta·
797 2723 852 2771 eas,
870 2724 931 2774 qnos
942 2711 1281 2775 Grammaticisynaloepbas
1298 2719 1328 2762 et

233 2786 303 2836 lum!
797 2787 938 2848 ectblipses
948 2787 1089 2849 appellant.
1112 2788 1196 2836 Latini
1208 2802 1330 2852 namque,

258 2863 373 2911 Nom.
390 2861 760 2924 tcsrsuiantsuueintoscuo·
797 2874 848 2908 uon
867 2863 943 2910 aliter
962 2876 991 2910 ac
1010 2862 1107 2922 (irasci,
1125 2863 1249 2923 vocalem,
1267 2878 1327 2927 quas

234 2934 760 2999 pnlusrrploxsldrscribitCor·ouida,lbr·
797 2937 937 2987 dictionem
955 2938 1050 3000 finiret,
1068 2938 1201 2988 elidebant
1215 2952 1327 3002 pronun·

233 3009 759 3073 posesse,etsignumqnoddnm,perquod
797 3012 900 3068 claudo,
911 3026 989 3075 quum
1004 3020 1156 3076 sequentem
1173 3014 1271 3062 vocalis
1290 3014 1328 3061 in·

233 3087 342 3135 Homeri
355 3086 510 3148 Rbupsodiae
523 3085 650 3147 quondam
661 3086 759 3134 divide·
797 3086 928 3150 ciperetlr
943 3087 1012 3148 nupia
1022 3088 1127 3147 ’Axomis
1143 3087 1221 3148 ἄλγεα
1237 3086 1327 3147 ἔθηκεν.

233 3160 339 3209 bantur.
373 3159 692 3222 Acujusmoditigurisin
709 3161 760 3209 fine
797 3159 884 3224 bpupl'
911 3163 1014 3222 Ἀχαιοῖς
1041 3162 1109 3224 ἄλγε’
1129 3162 1217 3222 ἔθηκεν.
1239 3166 1328 3214 ‘Con-

233 3235 294 3297 poui
321 3235 413 3294 solitis,
435 3236 520 3283 Greci
547 3233 618 3297 μέχρι
643 3236 761 3297 κορωνίδος
798 3237 887 3286 tiener'
910 3237 1160 3301 omues,intentiqn'
1188 3253 1234 3288 ora
1254 3247 1327 3288 teue-

234 3310 309 3371 vnlgo
320 3308 450 3368 dicebant,
467 3309 556 3368 idest,
571 3325 649 3371 nsque
666 3311 697 3358 ad
711 3312 759 3360 Co·
797 3310 878 3359 bant!
912 3311 947 3359 Et
969 3326 1027 3360 curn
1044 3326 1196 3369 consonans,
1206 3327 1238 3375 us,
1251 3327 1328 3361 roca·

232 3386 357 3445 nunidem,
373 3399 449 3447 quum
471 3393 615 3433 extremuni
635 3386 710 3436 finem
723 3390 759 3437 rei
797 3386 884 3434 bulum
902 3386 1025 3435 finiebat:
1048 3386 1135 3450 ‘grat'
1152 3401 1215 3450 opus
1227 3389 1327 3450 agrico-

232 3459 664 3524 cnjuspiamsiguiticarevolebant:
674 3477 760 3525 quern-
797 3460 845 3509 lis!
864 3462 1035 3525 ‘Quanquam
1048 3470 1074 3510 te
1086 3462 1177 3511 Marce
1188 3461 1326 3512 lil'annnsn

203 3535 368 3583 .adrnodum
380 3536 485 3597 scripsit
507 3536 635 3583 Erasmrss.
668 3538 761 3585 Marti·
797 3536 814 3584 i’
830 3536 977 3586 audientem
999 3537 1129 3601 Cratipp’,
1147 3537 1226 3602 idque
1245 3538 1328 3588 Athe·

233 3610 280 3658 alis
291 3609 357 3658 liber
368 3610 491 3671 decimus,
502 3611 539 3657 sic
557 3609 669 3672 ordiens,
681 3613 760 3662 lecto·
797 3612 845 3668 nis,
854 3611 979 3660 abundur'
991 3620 1097 3677 oportet
1109 3612 1263 3676 praecptis!
1284 3613 1328 3662 Vi·

232 3699 287 3733 rens
307 3685 454 3748 alloquitur.
487 3684 531 3732 ‘Si
549 3685 641 3733 nimius
662 3686 759 3746 videor,
796 3694 873 3736 artus.

231 3774 340 3824 seraque
357 3758 479 3808 coronide
501 3759 608 3821 longus.'
642 3760 712 3809 Hinc
733 3768 760 3810 et
831 3763 881 3811 No.
899 3767 955 3813 216.
980 3763 1141 3825 tiberimque
1154 3761 1327 3826 seoiisobilca]

232 3834 386 3885 Coronidem
420 3833 553 3895 inscripsit
580 3834 689 3882 Cannen
712 3837 760 3884 lioc
798 3837 883 3901 Lege:
905 3839 1028 3887 Fourmre.
1047 3839 1177 3888 Gravius.

231 3910 371 3970 Ausonius,
384 3923 434 3973 qno
454 3907 530 3969 finiti,
552 3917 580 3958 et
592 3912 663 3972 quasi
675 3911 760 3974 obsig·
829 3915 964 3963 6Medicoe
984 3917 1021 3962 rel
1043 3915 1104 3962 ortis
1124 3913 1221 3976 dogma]
1238 3913 1328 3977 Siquis

231 3988 304 4036 ussit
319 3987 413 4036 librum
431 4000 502 4034 sursus
515 3986 548 4033 de
565 3985 758 4037 Professoribus
797 3989 865 4037 inter
884 4004 928 4037 vos
950 3989 1085 4038 medicinae
1106 4004 1133 4037 se
1152 3989 1263 4051 dedidit,
1285 3989 1327 4037 rel

231 4059 469 4124 Burdigalenaibus.
514 4061 636 4109 Ceternrn
659 4064 758 4110 coroni-
797 4064 988 4126 Philosophia:
1024 4065 1092 4113 uude
1122 4064 1206 4113 clarus
1230 4064 1326 4113 extitit.

231 4133 270 4182 dia
281 4136 362 4198 ligura
378 4141 404 4187 in
425 4137 496 4186 calce
507 4137 629 4184 librorum
641 4151 758 4199 quaecuu-
799 4138 901 4187 Vinctus.
