2804 4764
131 245 226 347 'leus
488 293 594 367 noun
619 291 819 340 vunuonnu
845 291 883 337 su

141 446 182 487 tas
191 437 365 500 complicum.
382 435 554 485 Glossarium:
563 434 666 496 ‘Scapi,
703 431 770 480 catio
781 446 833 480 uon
844 432 926 480 minus
935 431 1043 480 ineerta·
1076 430 1232 480 ‘Dumnito-

142 513 236 562 κανόνες
263 513 388 576 papamet,
412 511 451 561 nal
472 511 560 575 χάρηυ
582 510 666 572 γόμου
703 505 760 554 uis'
786 508 854 555 enisu
880 509 905 555 in
923 521 997 555 versu
1023 506 1232 570 quinctodeoiaau

143 590 228 638 Varro
251 590 381 639 Bimarro:
419 589 556 652 ‘Mihique
575 587 665 636 diutini
704 584 829 646 Epistolae
848 597 876 631 v.
896 592 923 632 et
940 582 1130 632 ‘Dumnitoni'
1145 584 1173 631 in
1188 584 1232 632 tri·

144 667 205 714 stilo
226 674 322 721 nostro,
345 666 472 729 papyriae
502 665 565 712 levit
588 677 666 722 scapo
704 661 799 709 casium
820 661 910 723 primo,
924 661 1008 709 locutus
1027 659 1178 724 significare
1197 661 1232 708 si·

143 741 260 803 seahitio,
272 756 337 790 novo
349 748 425 804 partu
438 739 557 803 poiticoss
592 738 666 787 Glos·
703 736 806 797 dantur,
823 737 947 800 quiesset
962 751 1012 785 uon
1025 737 1116 799 procul
1127 736 1231 786 Paulia-

142 830 177 864 sas
196 817 307 864 Isidori:
331 816 450 878 ‘Scapus
475 822 563 863 certus
579 825 666 860 nume·
704 826 745 872 eo,
762 812 805 876 qui
817 825 867 860 una
887 819 1052 873 memoratur,
1063 821 1090 860 et
1102 812 1129 860 in
1140 810 1230 860 eadem

40 879 42 883 ¹
141 906 185 940 rus
197 891 425 955 tomorumolrarta
436 886 560 953 scriptae.'
577 888 666 937 Prima
703 888 760 950 ripa
778 887 884 935 sinistra
899 887 1037 936 Garumna
1050 887 1075 935 in
1097 887 1230 937 Oceanum

141 975 229 1016 autem
247 968 318 1029 scapi
337 980 386 1015 non
412 965 517 1014 dubium
534 969 585 1024 est,
604 964 666 1027 quin
704 960 1104 1024 properantis,lmbltasiopotire
1112 962 1231 1010 Tlueouis.

141 1043 307 1104 producatur,
329 1039 435 1100 σκητδςς
461 1039 530 1087 uado
554 1038 666 1095 saurim.
704 1039 752 1086 Est
773 1037 826 1085 illie
847 1035 995 1085 ‘Douissa'
1014 1038 1084 1086 vicus
1107 1037 1230 1088 Pauliaco

141 1115 227 1174 Adde,
238 1116 305 1179 quod
317 1116 384 1176 apud
397 1113 597 1163 eruditissimum
605 1112 665 1175 poii·
703 1114 786 1161 minor
804 1113 998 1176 obscuriorque,
1022 1120 1050 1162 et
1080 1114 1228 1174 Burdigala

103 1206 106 1214 ’
142 1197 195 1239 taur
207 1190 341 1238 Manilium
352 1190 397 1239 lib.
410 1203 436 1238 v.
447 1187 515 1237 idem
527 1202 609 1247 ermr,
622 1188 666 1250 qui
703 1189 823 1251 propior:
856 1189 936 1253 siquis
964 1190 1004 1237 liic
1031 1189 1232 1238 ‘Dumnitoni’

140 1264 183 1313 laic
200 1264 269 1329 apud
287 1265 426 1313 Ausonium
448 1263 564 1312 inolevit.
598 1263 665 1311 Nam
704 1264 840 1326 vestigium
868 1264 946 1311 ullum
969 1263 1050 1326 possit
1078 1278 1228 1327 agnoscere.

141 1339 337 1403 lsodielegitur:
365 1341 399 1390 At
420 1354 472 1388 casu
493 1353 536 1401 per
554 1338 666 1386 decimam
706 1340 778 1389 idem.

141 1428 282 1477 mrum
296 1415 392 1464 torridu
407 1420 499 1478 mneos
518 1413 590 1477 Spica
605 1417 666 1461 seret
737 1417 856 1464 Nosti
889 1413 1116 1477 suauissima
1138 1413 1230 1476 arden]

112 1540 114 1546 ,
139 1505 242 1553 prum
275 1496 394 1540 umentes
427 1504 522 1553 muts
554 1488 663 1536 mistus:
703 1493 830 1542 Santones
842 1491 997 1554 provinciam
1008 1505 1080 1539 suam
1099 1491 1231 1552 διήκουε(

141 1580 200 1616 aun
216 1567 353 1630 legendum
373 1566 424 1614 sii:
442 1565 477 1614 At
493 1562 666 1626 cumpetisset·
703 1569 780 1628 vulgo
794 1568 937 1629 appellant,
957 1575 1078 1631 tanquam
1097 1581 1113 1614 a
1137 1566 1228 1615 Santo-

140 1657 340 1712 nonomsargeq
352 1640 447 1690 mmm
465 1645 558 1704 μιήω
574 1638 666 1700 Spita:
703 1643 746 1692 uin
763 1639 850 1691 efficto
872 1641 958 1691 verbo.
990 1643 1111 1691 Santonis
1132 1643 1227 1697 urbem,

134 1717 201 1775 feret
219 1732 312 1780 pressa
336 1720 455 1765 aaronita
470 1728 553 1777 wopau
569 1714 665 1766 mistus.
705 1718 819 1767 Saintes:
837 1720 964 1767 Santones
981 1717 1228 1781 sorilsitSteplianus

141 1791 219 1844 Quod
231 1807 306 1856 quam
318 1793 450 1855 eleganter
467 1804 482 1838 a
497 1788 666 1838 disertissimo
704 1800 807 1856 gentem
814 1807 870 1842 esse
878 1793 1034 1857 Aquitania:
1045 1794 1227 1853 addltStrabo,

142 1865 330 1930 podtadiotum
347 1868 390 1928 sit,
402 1868 428 1916 in
444 1866 537 1915 nostris
553 1865 579 1914 iu
595 1864 666 1914 illum
704 1868 842 1918 Garumnae
863 1869 974 1932 accolas,
995 1879 1023 1918 et
1041 1869 1074 1918 ad
1095 1870 1226 1920 Oceanum

143 1943 354 2005 castigationibus
391 1957 559 2006 exponemus.
596 1941 666 1992 Quas
703 1951 869 2007 spectantes:
887 1944 977 1993 hurum
995 1945 1052 1994 loca
1067 1946 1226 1994 hncmesao·

142 2017 220 2066 edere
229 2018 298 2080 prius
306 2032 356 2067 non
367 2032 511 2081 possumus,
520 2031 597 2081 quam
608 2032 665 2065 oum
703 2019 771 2067 ravit
792 2018 960 2081 Ptolomeus,
988 2021 1151 2071 ‘Santonum
1170 2036 1226 2085 pro·

141 2091 289 2140 valetudine
307 2106 340 2140 ex
362 2091 510 2154 gravissimo
531 2091 621 2139 morbo
640 2092 665 2139 in
703 2093 869 2155 muntorium,
885 2095 1027 2143 Santonum
1049 2105 1161 2158 portum,
1179 2097 1226 2145 Ca·

144 2165 251 2227 gratiam
274 2166 418 2215 redeamus.
451 2165 518 2215 Hae
539 2166 615 2220 enim.
638 2173 667 2214 ut
691 2157 801 2218 'nenteli
819 2167 889 2218 durii
911 2171 988 2232 ostia,
1004 2179 1032 2221 et
1050 2174 1225 2223 Mediolanioa

141 2255 230 2290 omnes
239 2240 337 2302 vident,
345 2241 517 2290 tumultuariis
527 2239 665 2289 lucubrati-
702 2243 808 2293 urbem'
841 2244 1225 2298 DaMemoussroSantonum

142 2317 232 2365 ouibus
241 2317 384 2367 scribimus.
400 2317 486 2380 Atque
495 2317 549 2365 issac
558 2323 598 2365 est
608 2330 666 2366 mea
702 2333 753 2369 nou
770 2320 867 2383 dubito,
885 2323 946 2386 quin
964 2323 999 2370 sit
1011 2323 1151 2372 Sentosinm
1170 2326 1225 2375 lile·

140 2389 174 2439 ⁴10
194 2391 242 2438 hoc
264 2392 320 2440 loco
332 2391 438 2439 Antonii
459 2392 595 2440 sententia.
626 2390 666 2439 Sl·
702 2396 827 2459 tropolis:
846 2412 920 2461 quam
935 2412 1001 2446 nunc
1016 2400 1224 2450 §antonomum-

141 2464 198 2528 quis
214 2465 344 2528 vulgarem
363 2465 429 2513 tueri
448 2465 513 2525 vult,
531 2471 619 2527 potest
637 2465 665 2515 id
701 2485 764 2521 mus.
798 2472 925 2523 vocabuli
947 2489 1057 2536 uanique
1085 2476 1225 2525 Mediolani

141 2553 192 2588 non
204 2540 340 2589 levissimis
357 2542 513 2602 argumentis
525 2539 667 2590 ductusfa·
701 2548 778 2595 nnllae
795 2549 895 2596 omnino
914 2550 1034 2598 Santonis
1057 2552 1171 2615 reliquie
1193 2553 1224 2600 de

141 2630 208 2665 cere.
224 2616 340 2678 Scaliger.
702 2622 750 2670 hoo
778 2622 925 2672 Mediolano
956 2637 1138 2687 agnoscuntur.
1175 2627 1224 2676 Sed

184 2697 215 2740 54
244 2693 353 2754 Falsum]
385 2693 489 2741 Famem
514 2707 611 2755 repono
634 2708 666 2742 eu
702 2712 759 2761 quae
778 2697 879 2746 abunde
898 2707 1026 2749 testantur
1043 2702 1094 2751 loci
1114 2711 1224 2753 vetusta·

140 2767 249 2816 iambico
269 2768 393 2830 Epistola
407 2782 451 2817 ιιι.
478 2769 666 2818 Eatenimnou
704 2780 763 2832 tem,
786 2773 1002 2839 dignitatemque,
1018 2791 1096 2840 quum
1124 2779 1151 2827 iu
1172 2788 1224 2828 toto

135 2841 240 2905 falmin,
264 2843 308 2893 sed
328 2844 437 2905 famam,
464 2851 491 2894 et
518 2853 612 2908 atrurn,
639 2852 666 2895 et
701 2850 840 2901 Santonico
859 2853 922 2901 nihil
938 2855 1084 2917 hujusmodi
1101 2857 1170 2906 aliud
1187 2872 1223 2907 os·

140 2918 251 2982 nigrum,
270 2926 298 2968 ut
317 2927 391 2982 puto,
413 2926 593 2970 atramentum·
625 2921 666 2970 Vi·
703 2933 826 2990 tentetur,
847 2929 902 2977 haec
919 2939 988 2978 sunt.
1021 2932 1145 2992 Primum,
1165 2934 1224 2995 pris·

141 3000 216 3043 setas.
703 3017 789 3051 eorum
812 3005 933 3052 moeuium
960 3006 1104 3068 particule,
1128 3009 1225 3071 aliquot

173 3068 273 3116 Falsum
290 3070 391 3133 sepium]
409 3072 490 3121 Recte
501 3072 619 3133 Viriatus,
638 3080 666 3124 et
700 3078 765 3126 locis
784 3091 832 3126 nou
851 3087 903 3126 tum
920 3079 1001 3128 inrito
1013 3090 1129 3142 tempore
1142 3095 1223 3131 rerum

141 3141 270 3203 Gravius,
287 3145 397 3194 Faraeua
424 3146 468 3195 Sie
491 3148 517 3195 in
538 3148 666 3211 Cupidine
701 3152 784 3211 edaci,
805 3167 879 3215 quam
896 3155 1030 3216 Vandalis,
1045 3156 1149 3213 Gothis,
1167 3159 1224 3206 Sar-

140 3216 665 3284 orueiaffixo‚⁴iurvreesliginisumbram'
702 3228 810 3287 sacerris,
830 3229 1006 3286 Nortrnaunis,
1041 3230 1141 3293 Anglii,
1160 3232 1225 3281 aliis·

140 3292 212 3340 dixit.
245 3293 297 3341 Sed
309 3295 403 3342 videsis
422 3296 556 3345 Heinsiuus
576 3299 608 3346 ad
628 3300 664 3348 0-
701 3315 749 3362 que
768 3300 891 3361 barbaris,
910 3303 992 3350 adlsuc
1013 3313 1165 3354 manentes:
1181 3307 1224 3355 de·

140 3365 196 3415 vid.
208 3367 252 3415 lib.
264 3379 308 3416 ιιι.
322 3368 428 3418 Metam.
441 3384 479 3419 vs.
492 3374 549 3418 272.
701 3376 761 3424 iude
778 3386 853 3425 extra
871 3379 974 3439 moenie,
987 3379 1033 3428 sed
1055 3394 1105 3428 uon
1128 3381 1223 3443 procul,

172 3442 314 3503 hotieotor]
341 3443 412 3494 Quas
442 3444 525 3494 adhuc
553 3448 663 3497 vidimus
700 3452 732 3500 ad
752 3452 890 3514 anneum,
917 3454 942 3501 ni
968 3454 1054 3515 fallor,
1080 3454 1224 3514 hibernum,

139 3517 580 3582 spongias,fuscaeerant,etflavae.
612 3524 664 3572 Sed
700 3528 881 3590 amphitheatri
909 3530 1121 3592 petrogoricensi
1145 3531 1222 3592 magis

140 3593 262 3644 candidas
283 3595 361 3642 etiam
387 3610 455 3657 esse,
476 3611 533 3660 quae
558 3611 620 3647 cura
637 3608 664 3648 et
700 3617 775 3665 quum
788 3603 1063 3665 Burdigalensisimilis
1075 3605 1173 3654 nobiles
1184 3620 1222 3655 re·

139 3676 197 3717 arte
209 3669 274 3717 tales
291 3668 363 3729 fiant,
375 3670 551 3732 Dioscorides,
567 3679 594 3722 et
610 3674 664 3723 Pli-
699 3677 794 3740 liquiae.
827 3679 891 3726 Tum
913 3678 938 3726 iu
958 3679 1105 3728 Carantono
1119 3688 1222 3742 preter·

139 3745 196 3792 nius
205 3750 266 3792 sunt
279 3752 407 3794 auctores.
428 3745 534 3795 Visetur.
699 3752 806 3813 flironte,
825 3755 922 3816 antiqui
950 3753 1065 3802 artificii
1081 3770 1171 3804 arcus:
1197 3758 1222 3804 in

138 3855 141 3860 .
170 3824 201 3867 5⁶
227 3818 391 3881 Damaotiuae]
425 3820 484 3869 Hoc
510 3821 661 3873 vocabulum
699 3828 949 3890 quolraecirguntur,
965 3829 1220 3880 duobusversicnlis:

138 3895 208 3943 varie
220 3900 369 3958 corruptum
387 3895 474 3946 iuveni
491 3897 516 3944 iu
534 3899 606 3946 novis
617 3914 662 3947 ex·
699 3905 805 3953 Cnssnr
819 3907 888 3955 Nee.
909 3908 974 3954 Diui
987 3906 1059 3954 lusus
1077 3908 1221 3955 Pourrrrcr

138 3969 294 4032 emplaribus
305 3985 388 4034 aque,
399 3986 429 4020 ae
439 3971 465 4020 iu
478 3965 575 4034 vetere,
590 3990 604 4021 o
616 3990 662 4037 pro
698 3978 820 4028 Avuvur.
855 3979 889 4028 At
901 3981 926 4027 iu
936 3981 1018 4028 altera
1028 3988 1111 4042 parte,
1122 3982 1220 4031 duobus

139 4060 155 4092 a
164 4045 190 4092 in
202 4045 283 4107 prima
294 4046 408 4108 syllaba:
426 4047 436 4094 i
451 4061 522 4109 pros
535 4048 561 4096 iu
571 4063 662 4098 secuu-
698 4055 774 4101 etiam
787 4054 910 4114 versibus,
921 4055 965 4103 sed
984 4055 1079 4104 littoris
1090 4065 1219 4106 veturstate

112 4179 113 4182 Ἴ
140 4120 181 4179 da,
192 4121 368 4183 acoproiiu
383 4122 471 4172 tertia·
503 4123 556 4172 Sed
568 4106 661 4187 signiti-
698 4129 825 4200 plerisque
837 4131 933 4180 exesis:
954 4132 984 4179 C.
1003 4130 1104 4184 luins.
1117 4134 1146 4184 C.
1159 4133 1218 4181 lam
