2804 4764
330 775 608 857 nucunsos
641 776 904 857 conicum
941 781 1063 860 mss

449 1028 493 1090 D.
527 1025 693 1095 MAGNI
727 1027 932 1097 AUSONll

223 1264 288 1316 0111
308 1263 350 1316 ΙΝ
367 1262 622 1319 BIBLIO'I'HECIS
638 1266 875 1320 BRI'I'ANNICIS
895 1266 1172 1321 Assuttvnmvu.

185 1737 301 1818 Qnon
333 1737 376 1803 ad
403 1738 543 1804 codices
566 1737 603 1803 in
625 1736 772 1824 publicis
796 1736 1009 1804 bibliothecis
1040 1739 1249 1808 Britannicis

140 1841 273 1920 attinet,
298 1859 402 1907 annm
426 1846 556 1907 tantum
583 1847 620 1905 et
649 1839 790 1905 alteram
813 1841 910 1924 quasi
934 1841 1066 1926 spicum
1093 1845 1250 1932 colligere

140 1945 322 2030 potuimus,
338 1963 423 2028 quas
437 1941 493 2008 bie
506 1942 624 2009 lectori
639 1941 770 2008 damus.

437 2128 565 2196 Codices
579 2130 612 2195 in
628 2126 741 2196 Museo
759 2128 954 2198 Britannico.

185 2261 228 2326 In
246 2255 398 2324 Bibliotb.
412 2255 510 2322 Harl.
534 2258 581 2324 N.
594 2258 695 2325 2613.
719 2257 864 2324 Ausonii
886 2259 963 2326 cod.
986 2259 1141 2326 chartac.
1165 2276 1248 2323 saec.

143 2380 210 2429 xv·
232 2362 304 2427 sine
331 2363 432 2445 gloss.
462 2360 545 2427 Non
567 2361 679 2428 omniu
701 2361 846 2428 Ausonii
869 2381 973 2448 opera
998 2360 1247 2446 complectitur.

140 2463 295 2530 ‘Versus
317 2461 499 2526 Pascbules
523 2460 712 2544 incipiunt!
755 2463 874 2528 ‘Finit
898 2462 1083 2547 Catalogus
1105 2461 1247 2527 Ordinis

141 2566 317 2634 Nobilium
333 2561 496 2629 Urbium!

185 2671 231 2737 Ν.
246 2668 343 2736 2578.
366 2668 440 2733 cod.
462 2665 611 2731 chartac.
633 2667 705 2732 sine
729 2669 829 2750 gloss.
855 2667 1040 2745 continens,
1064 2665 1153 2732 inter
1178 2669 1248 2734 alia

140 2777 258 2854 multa,
273 2771 429 2857 quaedam
445 2767 601 2835 Ausonii.

537 2959 637 3049 Apud
660 2960 844 3026 oxonienses

184 3098 346 3163 Bibliotb.
362 3097 463 3163 Bodl.
482 3094 564 3160 nihil
580 3095 814 3160 Ausoniannm
836 3094 940 3161 babet
961 3102 1083 3179 praeter
1099 3095 1246 3160 Dorvill.

142 3218 181 3264 Χ.
196 3203 229 3265 2.
251 3200 327 3264 intr.
346 3201 380 3276 2,
402 3199 435 3262 6.
450 3199 504 3264 15.
529 3197 563 3261 in
585 3196 811 3281 Lupodunum
837 3205 873 3261 ot
895 3195 1040 3262 Ausonii
1062 3195 1245 3262 Mosellam

139 3302 253 3369 Notas
268 3300 356 3365 Mss.
372 3321 431 3384 pp.
444 3303 477 3366 2.
524 3299 592 3365 Ms.
609 3298 833 3365 strackhovii.

495 3491 593 3579 Apud
618 3489 886 3579 Cantabrigienses

184 3625 339 3694 Bibliotb.
351 3625 449 3693 Poll.
463 3629 582 3694 retinet
592 3627 742 3694 codicem
754 3627 1001 3712 perantiquum,
1013 3624 1242 3705 exbrbentem,

138 3735 225 3800 inter
238 3735 343 3798 multo
359 3734 441 3813 ulia,
454 3735 487 3798 1.
503 3737 584 3797 osi*
611 3747 813 3796 nsunrrns
831 3715 993 3793 ausonii·
1011 3745 1062 3792 su
1088 3729 1150 3792 nn*
1174 3748 1242 3793 osr-

138 3853 396 3903 nu’ounnrsu.
440 3835 698 3900 2.1ncrr1crr
731 3840 973 3895 nonosruus·
998 3844 1154 3894 Ausonii
1191 3847 1239 3895 ns

137 3957 288 4004 cussis.
333 3937 391 4002 Sic
418 3936 584 4012 scribitur,
612 3941 649 3999 et
669 3935 773 3999 habet
795 3933 830 3996 in
850 3931 928 4010 fine,
952 3930 1064 3997 Publii
1088 3930 1240 3997 Maronis

139 4040 299 4107 AEttncm.
323 4040 442 4107 Nitide
455 4044 622 4119 exaratur,
638 4036 946 4104 abbreviationibus
962 4034 1185 4117 paucissimis.
