2804 4764
227 276 292 342 896
577 292 683 340 soria
707 292 909 341 vaaiouuu
934 293 974 340 m

228 434 361 496 conjugem
373 439 399 480 ot
415 431 493 482 lilium
504 432 561 494 ejus
572 431 701 480 hostiliter
710 432 753 479 ha·
792 429 910 480 nesciunt
932 431 995 479 talla
1013 430 1185 492 doctissimos,
1201 433 1324 492 gravissi·

229 507 301 556 bari?
333 508 483 556 Sallustius:
505 506 593 569 ‘Sylla
609 506 754 554 exercitum
790 505 1038 567 mos‚aanotisaimos
1048 505 1162 554 homines
1174 506 1324 570 scriptitas-

228 581 359 629 luxuriose
369 581 495 644 nimisque
506 580 650 629 liberaliter
660 580 755 628 babue-
791 594 830 642 aa,
840 595 881 629 me
892 581 1005 630 seribere
1019 581 1164 642 mirentur,'
1175 585 1226 631 &u
1253 583 1325 633 Vide

228 655 286 706 rat!
318 656 427 707 Ovidius
435 656 548 704 seeundo
557 656 590 704 tle
602 664 658 704 arte
669 670 755 704 amau·
790 663 819 705 et
828 656 934 705 Autronii
946 657 1027 707 nostri
1038 656 1128 718 Epigr.
1138 670 1209 706 aaut.
1221 665 1323 722 atquae

228 731 270 780 dir
289 729 671 781 ‘Rivalemrerereuterhrbe’
683 731 755 780 luera.
791 729 816 778 in
830 730 937 792 Epitogo
946 730 1079 779 centonis.

261 805 350 854 Nus.
378 807 493 853 lNostra
510 804 580 853 risam
594 806 683 865 vuariis,
701 805 755 869 iso]
823 805 936 855 absum
952 803 1086 868 pertristis]
1104 804 1161 868 Ego
1184 804 1248 854 illud
1267 820 1325 875 per·

191 878 193 883 ’
228 881 296 930 Sane
312 894 397 942 nugax
417 881 459 928 hio
470 894 566 942 sersus,
576 880 640 930 licet
657 896 706 944 pro
717 882 756 930 le·
791 880 877 940 saida,
891 879 958 943 quod
968 880 994 928 iu
1006 879 1156 943 quibusdam
1168 881 1242 930 editt.
1253 881 1325 933 mou

230 957 320 1020 gitimo
337 955 398 1004 alibi
412 969 429 1004 a
440 955 556 1018 plurimis
568 963 595 1004 et
606 956 678 1005 uobis
693 970 756 1020 quo·
793 954 831 1008 ita
842 953 994 1017 spreverim,
1004 961 1033 1003 et
1041 953 1196 1017 simpliciter
1206 952 1326 1019 explicu-

229 1047 286 1096 «μιᾳ
303 1031 455 1094 productus:
483 1030 552 1094 quod
574 1046 636 1081 saus
658 1032 756 1082 ridebis
792 1029 873 1078 erim:
890 1029 967 1078 Mosa
977 1042 1035 1077 mea
1045 1030 1114 1078 iutra
1129 1031 1196 1080 recti
1207 1044 1324 1080 normam

229 1107 422 1156 cumresolres.
455 1107 550 1155 Nostra
561 1106 757 1169 Epigrammata
793 1117 822 1153 se
839 1103 1083 1166 continens,neque
1099 1104 1228 1154 dissolutio
1246 1117 1324 1155 utens

229 1182 512 1245 certautrariisnugia.
544 1183 640 1234 eraeao
651 1183 708 1246 quis
720 1184 757 1232 lo·
793 1176 918 1237 moribus,
937 1176 1055 1240 adeoque
1072 1177 1150 1227 aubrie
1170 1177 1243 1229 ludat
1260 1194 1323 1229 eou-

230 1274 277 1309 oua
287 1259 436 1320 relictusrqi
451 1260 530 1322 mmai,
540 1260 608 1324 quod
625 1261 689 1310 nulli
699 1261 757 1309 usui
792 1254 874 1305 corais
891 1269 975 1319 nequa
990 1255 1017 1304 in
1035 1270 1174 1320 quoquam,
1185 1257 1228 1321 qui
1241 1258 1324 1322 proba

229 1341 281 1396 est,
296 1335 345 1383 nisi
363 1341 393 1384 nt
409 1335 576 1384 Latinitatem
597 1335 693 1386 turbet.
724 1335 757 1384 Iu
793 1329 897 1391 viserit,
923 1330 1035 1392 culpatis
1063 1330 1236 1393 Carminibus,
1261 1339 1327 1382 utut

229 1409 304 1459 libris
315 1409 371 1459 allis
381 1411 431 1460 iste
443 1409 509 1459 luit:
528 1411 573 1458 Eat
582 1410 653 1471 josue
668 1411 694 1459 ia
704 1425 757 1460 aor-
793 1405 981 1455 lascivioribus.

229 1484 606 1547 trismstaeriumaitalilellir.
640 1486 757 1537 Quirine
826 1480 878 1529 No·
896 1483 936 1528 1⁰·
978 1478 1120 1541 Urgeaii
1135 1479 1229 1543 walia]
1246 1480 1324 1532 Quod

230 1560 284 1608 ulio
303 1558 381 1609 dnbio
399 1561 529 1624 legitimus
547 1568 601 1620 est3
617 1575 676 1610 cum
695 1559 758 1610 duaa
794 1552 893 1604 Plinius
912 1554 976 1605 dtott
994 1563 1130 1618 argeutum
1148 1555 1233 1605 rivum
1244 1571 1325 1607 rene·

197 1648 200 1655 ’
231 1640 318 1683 reatu
339 1634 435 1684 subdat
457 1641 628 1698 pentameter,
644 1650 703 1700 qum
724 1649 759 1684 ax
793 1643 854 1678 uum
870 1645 928 1679 esse
943 1644 1028 1680 remm
1045 1631 1166 1693 omnium,
1177 1631 1214 1694 ld,
1232 1633 1326 1683 scribit

232 1707 341 1759 adverso
361 1711 519 1773 respondent
533 1709 602 1772 jocis
622 1717 650 1759 et
669 1711 758 1760 aeriis:
796 1705 972 1769 Dioscorides,
983 1712 1083 1770 potum,
1093 1720 1141 1755 suo
1156 1706 1273 1770 pandere
1284 1709 1325 1757 iu·

226 1783 359 1834 ‘Stoicus
381 1785 425 1833 hoa
447 1791 543 1849 partes,
564 1785 610 1834 luas
631 1785 758 1849 Epicurus
795 1787 871 1830 terna
881 1795 983 1832 exesae.
1019 1781 1126 1831 Visetur.

231 1858 304 1922 agit!
345 1860 464 1909 Furcillis
485 1850 566 1922 igitur
588 1860 758 1924 excipiendus
827 1857 879 1906 No.
892 1861 932 1906 11.
964 1854 1327 1922 tairiratla'egaoerasafliia]

231 1933 411 1997 supposititius
430 1935 456 1983 ln
472 1936 581 1996 gratiam
597 1935 760 1998 reteriapro·
795 1932 888 1984 ‘Quid
908 1933 976 1982 enim
1005 1939 1119 1983 astron
1143 1933 1193 1983 nisi
1213 1933 1326 1983 intentio

232 2007 310 2072 bique
321 2009 395 2072 hujus
407 2007 513 2059 domini.
536 2009 662 2059 Bantius.
795 2005 872 2069 airis,
891 2013 921 2057 at
947 1998 1068 2056 audiatur
1089 2007 1185 2071 linguas
1213 2006 1327 2060 formata

264 2084 280 2130 t
305 2081 378 2130 Saluo
402 2082 461 2130 milri
486 2083 601 2144 mmai]
632 2084 760 2147 Majorum
796 2078 943 2144 pereursui’
981 2080 1083 2130 Sanaos
1115 2081 1183 2131 libro
1208 2083 1327 2133 seeundo

231 2162 378 2204 nostrorum
400 2157 489 2217 vitam,
518 2158 647 2219 instituta,
667 2172 761 2221 mores,
797 2155 976 2206 Queationum
993 2155 1165 2205 Naturalium.
1198 2157 1241 2205 De
1259 2171 1327 2208 aono

232 2243 274 2280 raa
294 2237 389 2294 gestas,
399 2231 494 2280 nostris
510 2228 566 2280 fera
584 2192 758 2294 preierimna:
797 2238 825 2281 et
841 2245 904 2281 rone
916 2231 999 2280 multa
1009 2230 1147 2280 Sereriuus
1162 2230 1229 2280 libro
1240 2232 1325 2295 primo

234 2302 460 2368 quodetfortaese
468 2311 616 2352 merentur:
627 2305 761 2355 andelle·
796 2304 829 2356 ais
847 2304 876 2355 ri
891 2304 943 2368 rapi
961 2304 1080 2369 ipparelas
1095 2304 1251 2355 Aristotelia.
1283 2307 1327 2356 Vi-

232 2379 319 2429 aiodua
335 2381 492 2443 autquinque
511 2380 640 2427 hominum
659 2381 761 2442 generi·
796 2389 873 2433 aetas.

234 2454 291 2516 bus,
302 2468 347 2502 eeu
360 2454 481 2503 aetatibus
484 2453 621 2516 ,primum
635 2461 760 2504 utretus·
828 2463 843 2506 6
874 2458 1001 2506 Extremus
1023 2460 1136 2518 peremta
1161 2455 1252 2520 amon]
1277 2457 1328 2516 τὴν

233 2527 368 2590 tissimum,
386 2528 423 2576 ita
440 2529 565 2591 optimum
580 2530 762 2592 praestantissi·
798 2531 870 2580 Echo
890 2531 1003 2594 appellat
1023 2531 1128 2580 Euodus
1148 2530 1213 2580 libro
1231 2540 1327 2595 quarto

234 2617 354 2667 mumque
377 2602 451 2666 lauit,
471 2611 499 2653 et
521 2603 578 2653 Diis
598 2603 663 2667 lpsia
684 2607 762 2669 plane
798 2606 949 2656 Graecorum
967 2604 1273 2668 Epigrammatum,’llxa
1290 2625 1329 2668 pa.

233 2692 296 2746 part
313 2681 445 2746 qoinotum
458 2694 530 2739 vero,
547 2687 576 2729 ut
595 2688 761 2747 postremum,
797 2680 911 2743 μολόγον,
925 2683 1003 2742 φωνῆς
1017 2678 1105 2744 τρύγα,
1123 2679 1225 2742 liparas
1246 2682 1326 2746 sipia.

233 2757 273 2806 lta
283 2756 419 2820 pessimum
431 2757 658 2822 miserrimumque.
692 2759 761 2810 Hine
799 2756 830 2804 Id
847 2759 912 2817 est,‘
925 2756 996 2805 Eeho
1016 2755 1179 2804 imitatricem
1191 2759 1330 2821 sermonis,

234 2833 332 2895 'l'rogus
343 2833 466 2884 Justiuo‘
479 2834 519 2882 vir
535 2834 626 2897 prisca
640 2836 759 2900 eloquen·
798 2833 871 2881 vocis
882 2829 983 2891 facem,
995 2830 1067 2880 verbi
1078 2830 1205 2880 caudam!
1231 2832 1309 2881 ideas.

235 2907 295 2958 tiar'
308 2910 464 2972 appellitur,
486 2916 515 2959 et
534 2911 672 2959 Paterculo
699 2910 760 2960 Ἀ.
831 2906 930 2955 Nola.
963 2901 1328 2970 lejaaoptolPiiilioeJAu·

234 2983 339 3047 pronius
362 2985 401 3032 vir
426 2984 597 3048 antiquissimi
624 2986 703 3035 moris
733 2994 761 3035 et
799 2981 894 3042 aonias,
904 2994 962 3030 cum
974 2980 1138 3042 Epigramma
1149 2994 1222 3029 suum
1238 2982 1329 3030 motiu-

235 3059 329 3122 priaom
341 3058 493 3122 gravitatis,'
504 3066 531 3108 et
547 3059 687 3110 Favorinus
698 3061 771 3111 Gal„
798 3061 905 3120 leretur,
915 3057 1137 3120 contemplabatur
1152 3057 1243 3121 utique
1252 3058 1326 3108 Posi·

233 3130 274 3180 lua
286 3132 445 3183 Arelatensis
457 3135 579 3197 juvenem
588 3136 597 3164 ⁸
605 3135 691 3185 rivere
707 3150 760 3184 mo·
798 3134 871 3199 (lippi
883 3132 976 3196 auur,
986 3138 1016 3180 ut
1027 3134 1132 3181 amotus
1141 3133 1254 3195 speeiem
1264 3135 1326 3184 iude

234 3206 304 3256 ribus
324 3208 478 3270 preteritie'
487 3209 564 3272 jubet
581 3210 650 3273 apud
665 3209 760 3259 Aulum
794 3208 896 3274 judicio
913 3207 1071 3271 arbitrioque
1082 3221 1128 3256 suo
1145 3207 1263 3270 dirueret,
1275 3223 1327 3258 noa

235 3281 348 3331 Gellium
364 3283 431 3332 libro
451 3283 549 3347 primo:
566 3285 634 3348 quod
655 3286 763 3349 antiqui·
799 3293 829 3334 at
840 3284 967 3346 interpres
981 3281 1129 3346 perfiguraa
1140 3296 1327 3333 oumearersus

236 3363 285 3413 taa,
296 3371 345 3420 qua
354 3357 544 3419 delectabatur,
554 3358 650 3422 sobria,
661 3357 761 3408 modes·
799 3360 938 3423 dirigeret:
960 3357 1070 3422 ideoque
1087 3357 1166 3405 veluti
1185 3359 1329 3420 complura,

236 3438 273 3490 ta,
285 3432 353 3480 bona
363 3430 464 3483 luisset.
496 3433 540 3482 Sic
551 3433 655 3495 Plauto,
664 3433 762 3482 Tereu-
799 3441 828 3486 et
845 3434 952 3485 t'ortaaae
970 3434 1053 3497 gratia
1069 3432 1228 3495 elegantiore
1242 3440 1327 3483 muta-

235 3506 281 3567 tio,
298 3506 416 3557 Ciceroni
430 3508 499 3571 apud
510 3507 680 3570 Augustianos
695 3507 762 3558 libro
799 3511 847 3572 vit,
857 3511 894 3559 ita
905 3509 1081 3560 celebratioria
1091 3507 1176 3570 famas,
1187 3522 1263 3571 quasa
1277 3510 1327 3572 Ly·

235 3580 349 3629 secundo
370 3580 404 3631 de
429 3583 542 3631 civitate
563 3582 622 3644 Dei,
645 3582 762 3646 Virgilio,
799 3587 889 3651 aippua
915 3583 1005 3645 tuerit,
1032 3583 1162 3633 simulavit
1188 3582 1325 3632 artificem.

236 3656 354 3706 Ausonio
375 3672 461 3707 rursus
481 3658 612 3708 eidemin
632 3665 762 3723 postremo
800 3660 953 3711 Admonitus
982 3659 1025 3724 (ut
1050 3657 1174 3722 arbitror)
1199 3660 1327 3709 reruoulo

236 3731 358 3782 Carmine
374 3732 559 3794 Parentaiium,
574 3741 602 3784 et
616 3735 682 3795 eliis,
693 3748 763 3784 eom·
799 3737 939 3798 Martialis,
948 3737 991 3800 qui
1000 3733 1057 3785 fabr
1118 3742 1172 3786 tum
1185 3733 1326 3799 aLysippo

236 3806 601 3872 mendauturauthuimores.
638 3808 744 3859 Visetur.
800 3811 1001 3862 florentissima
1063 3802 1067 3813 '
1117 3815 1249 3872 ‚propter
1264 3824 1328 3873 ope·

268 3884 374 3934 tSuiso
392 3885 450 3933 milti
469 3885 585 3949 meram]
612 3884 712 3934 Plinius
735 3886 762 3935 in
799 3887 1030 3950 riepraeatautism,
1049 3883 1328 3946 Phidiaafuisseillud‚

237 3959 326 4009 eadem
346 3974 384 4022 re,
402 3961 447 4009 lib.
469 3974 495 4010 v.
519 3961 604 4023 Epist.
621 3965 646 4010 t.
682 3961 762 4012 ‘Nec
799 3962 1057 4026 aepntaaaaprimum
1066 3961 1175 4011 asserit:
1193 3959 1329 4024 ‘Inscrip-

236 4047 300 4084 rero
312 4036 421 4085 moleste
431 4035 497 4098 fero,
507 4036 572 4086 hano
590 4035 692 4085 essedo
708 4051 762 4086 mo·
800 4043 829 4086 ta
847 4043 887 4086 est
903 4036 981 4096 basis,
1000 4034 1146 4099 indicatque
1163 4049 1266 4098 nomen,
1282 4041 1328 4083 Aa·

238 4106 308 4156 mbas
330 4111 392 4161 meis
414 4111 649 4162 existimationem:
669 4118 698 4160 ut
718 4113 763 4176 qui
801 4111 888 4161 uirsov
906 4111 974 4175 lego,
985 4111 1085 4161 Pisidiae
1105 4109 1214 4175 putari!
1240 4111 1329 4162 Φειδίας
