2804 4764
187 235 190 241 «
234 286 322 352 1154
574 294 682 348 nona
708 294 907 345 vauronorr
935 297 972 345 ιιι

233 433 279 507 tis,
295 446 321 493 io
340 457 405 508 quas
425 441 517 503 sarira
530 441 659 492 stoliditas
671 440 764 503 ignara
801 445 842 487 est
848 437 962 501 jactatio
972 437 1070 490 Justioi
1089 437 1158 501 inrp‘.
1176 437 1209 488 ad
1231 437 1337 489 Avares

234 520 352 569 uictoriae
361 518 604 567 consummationem
613 515 764 578 reponebat,
800 513 868 576 apud
889 515 1034 577 Co'rippunr'
1049 513 1096 562 snb
1113 514 1160 563 lib.
1171 527 1216 564 ιιι.
1236 513 1335 564 lineare

234 601 337 645 noctem
354 594 489 643 sollicitam
507 593 601 641 limites
620 591 668 640 snb
680 604 763 640 arnro-
801 590 847 637 ‘Si
859 590 975 639 Barbare
988 590 1079 651 nescis,
1095 590 1165 642 Quid
1183 591 1269 639 virtus
1281 590 1336 640 Ro·

235 684 291 719 rnm
303 682 382 718 onere
393 668 531 716 duxerunt.
564 665 604 714 Ac
625 665 707 727 primo
725 663 763 712 di·
800 679 874 714 meua
898 673 995 728 potest,
1010 665 1117 730 antiqua
1136 665 1249 730 require,
1267 668 1336 718 One

233 745 330 803 loonio,
338 742 463 794 Quintloo
473 741 554 803 praelii
566 740 642 802 duce,
653 739 763 802 ingressi
802 741 901 802 proavi,
918 748 1017 804 patres,
1036 747 1065 790 et
1086 741 1127 789 avi
1152 748 1261 804 potuere
1285 740 1339 792 Lo·

233 821 339 881 saltum,
355 818 381 865 in
392 817 504 866 medinm
516 815 572 866 fere
583 815 663 878 dioro,
678 815 762 877 impli-
803 816 865 865 tini:
882 816 952 868 onio
964 824 1053 865 noster
1061 816 1144 865 senior
1154 816 1242 878 potnit
1250 825 1339 879 pater,

207 947 208 950 ,
235 902 325 945 cantes
349 908 378 943 se
399 893 529 943 erroribus
550 893 655 949 viarnrn,
680 899 763 942 toturn
801 890 882 939 inscie
899 891 987 940 disce:
1005 891 1060 940 Sub
1075 890 1274 955 qrosudrlici
1292 905 1337 941 ce·

142 1017 145 1023 .
235 971 370 1033 pervagati
381 975 456 1019 snut:
475 969 579 1018 undem
598 983 656 1019 eum
672 969 763 1031 iugen-
800 964 921 1014 ciderunt
932 973 1019 1029 strage
1037 965 1149 1029 tyranni,
1165 965 1336 1031 Edomitiqua

234 1045 305 1093 tibur
325 1045 406 1107 septis
428 1046 513 1094 omnia
534 1060 549 1092 a
569 1044 650 1093 solido
677 1045 764 1094 clausa
801 1037 887 1100 Gelan
913 1040 995 1102 pubet
1024 1039 1202 1102 Aietntnnico,
1230 1041 1337 1105 Franci,

234 1115 413 1181 offendirseut,
439 1119 465 1167 in
493 1119 622 1182 palustres
649 1133 764 1182 campos,
800 1113 902 1178 'inique
913 1115 968 1163 otio
979 1123 1079 1177 gentes,
1091 1113 1242 1179 lutuosaque
1253 1131 1336 1181 regna

235 1194 279 1258 qul
300 1194 371 1243 silvis
385 1194 571 1257 jungebantur,
596 1209 763 1257 prorumpere
800 1202 847 1250 per
859 1189 957 1248 orbern,
969 1187 1337 1242 Ardrraanbnostrirfleeten·

233 1269 399 1319 molientibus
410 1271 518 1320 hortium
534 1271 585 1319 rari
600 1284 761 1332 apparuere:
800 1264 839 1312 iio
849 1264 914 1313 colio
926 1265 1071 1327 triumphis,
1081 1265 1223 1328 Suscepere
1229 1266 1335 1330 jugum,

234 1347 277 1409 qni
296 1346 442 1409 conjunctis
461 1347 582 1395 arborum
597 1346 706 1406 truncis,
721 1347 764 1395 vel
799 1347 900 1388 mentes
920 1341 1068 1405 animosque
1087 1341 1185 1391 dedere
1204 1344 1338 1407 servitiis,

233 1420 383 1471 concidibus
394 1428 579 1485 superstantes,
596 1422 667 1470 velot
683 1436 698 1469 e
714 1419 763 1469 fas·
800 1417 925 1481 nobisque
949 1426 1053 1466 manent
1072 1433 1105 1467 ea
1128 1419 1200 1467 horte
1222 1417 1334 1469 lideler.'

233 1494 436 1558 tigiistnrrium,
452 1497 560 1557 sagittas
578 1504 763 1546 tormentorum
800 1492 865 1541 Tum
885 1494 973 1556 itaque
1001 1495 1125 1557 paulatim
1152 1495 1260 1543 Rotnani
1287 1501 1335 1545 ex'·

233 1571 286 1621 ritu
298 1569 422 1633 effudere,
437 1572 524 1621 inlitas
534 1573 670 1621 herbarum
686 1586 762 1621 vene·
801 1569 878 1630 polsi,
889 1570 961 1618 linreo
973 1572 1099 1630 sublatos,
1110 1570 1220 1619 Mosella
1233 1571 1335 1634 pariter

233 1646 284 1708 nis,
300 1655 329 1696 ot
340 1661 445 1696 ruminae
458 1648 521 1708 eruti,
538 1661 621 1712 neque
642 1647 762 1696 letalibus
800 1650 827 1692 et
839 1643 946 1694 Rhenus
959 1646 1065 1694 Francis
1076 1645 1171 1708 paruit,
1189 1645 1334 1696 Romanurn

130 1764 139 1775 .
232 1719 332 1771 inflicta
350 1722 412 1771 looir
440 1723 556 1784 uulnera,
581 1723 648 1771 baud
676 1723 761 1772 dubiae
800 1721 1073 1783 nomencomlegibns
1091 1728 1120 1770 et
1138 1721 1224 1784 lingua
1241 1734 1333 1772 eornm

233 1805 330 1847 mortes
341 1806 519 1863 sequerentur.
552 1800 654 1849 Dehinc
669 1800 763 1862 majori
800 1795 933 1845 abolitum.
964 1796 1256 1858 SidoniosinEpistoiis
1272 1812 1334 1861 pas.

232 1874 399 1923 multitudine
409 1875 521 1924 lroatinrn
532 1874 699 1925 circumfusus
719 1876 767 1925 ex·¹
799 1871 846 1919 sim
857 1871 1031 1920 calamitatem
1042 1872 1126 1934 gentis
1136 1885 1189 1920 rnae
1198 1871 1332 1934 deplorat,

233 1951 340 2010 orcitus,
363 1950 389 1998 in
409 1957 500 2014 aperta
518 1964 678 2013 camporum,
703 1966 761 2015 quaa
798 1952 826 1995 et
838 1946 863 1995 in
876 1948 1074 2010 Erragastesno
1085 1946 1202 2008 mirator,
1217 1946 1257 1994 bis
1275 1947 1331 1996 rer‘·

232 2026 314 2075 libera
333 2027 426 2076 Franci
445 2016 611 2092 reliquerant,
629 2026 703 2076 auide
723 2026 761 2076 ef·
799 2022 853 2072 bis:
872 2024 965 2074 ‘Quod
975 2022 1099 2072 sermonis
1109 2035 1203 2085 pompa
1214 2022 1334 2084 Romani,

232 2099 306 2150 suros
318 2113 374 2151 est:
393 2117 422 2151 ac
434 2103 509 2165 primi
521 2104 622 2165 equites
634 2103 760 2165 voragini·
798 2097 871 2161 siqua
899 2096 982 2146 adhue
1009 2097 1109 2160 urpiam
1136 2104 1187 2157 eat,
1215 2097 1331 2161 Belgicis

234 2174 281 2224 bns
292 2175 413 2236 immersi,
430 2177 564 2238 permixtis
575 2178 703 2226 hominurn
717 2179 761 2240 ju.
797 2172 858 2221 oliuu
870 2172 926 2221 sire
937 2172 1068 2221 Rhenanis
1086 2171 1183 2220 abolita
1198 2174 1286 2235 terris,
1303 2172 1331 2222 in

232 2258 429 2313 maurorumque
448 2250 609 2313 corporibus,
629 2251 702 2301 ruina
723 2253 762 2300 iu·
798 2253 826 2297 le
838 2248 952 2297 renidet:
968 2262 1018 2311 quo
1028 2247 1068 2295 vel
1079 2246 1199 2295 incolumi
1211 2247 1252 2295 rel
1271 2261 1332 2310 per·

232 2326 426 2374 rioenrauornm
435 2326 552 2388 oppressi
560 2335 628 2375 suunt.
652 2327 761 2377 Pedites
798 2330 899 2384 orante,
915 2323 965 2372 etri
977 2322 1044 2385 apud
1063 2321 1169 2370 iimitem
1185 2321 1269 2384 ipsnrn
1283 2323 1332 2372 La·

232 2399 323 2460 stiam,
347 2415 411 2463 qnos
438 2401 507 2450 nulla
531 2416 611 2451 onera
637 2417 760 2467 equorum
798 2398 921 2461 tinaJ'nra
938 2397 1098 2461 ceciderunt,
1113 2395 1332 2450 verbanoutitn.

232 2473 415 2535 calcaverant,
438 2475 563 2537 implicati
588 2477 658 2538 limo,
691 2491 761 2540 aegre
799 2470 881 2521 boni!
898 2473 974 2522 Idem·

232 2549 393 2612 explicantes
405 2563 531 2613 gressum,
548 2565 636 2600 rursus
650 2567 687 2615 se,
704 2553 761 2617 quis
835 2549 910 2598 Veros
931 2550 1042 2599 habebere
1063 2549 1140 2612 limes]
1167 2551 1211 2600 De
1238 2551 1331 2603 Rheno

232 2626 308 2687 paulo
338 2633 397 2675 unte
425 2627 466 2674 vix
494 2635 662 2685 emeruerunt,
690 2628 761 2677 silvis
797 2624 1330 2689 limiteuonsemelinOriginibuanootris

231 2699 395 2762 trepidantes
403 2701 563 2751 occulebant.
597 2702 761 2753 Perturbutir
798 2701 935 2750 Palatinis.
958 2701 1093 2752 Hactenus
1105 2702 1166 2751 satis
1177 2707 1234 2750 erat
1245 2702 1330 2765 ripam

232 2787 295 2836 erpo
307 2774 437 2823 ordinibus
448 2791 524 2825 casn
536 2777 659 2840 legiones,
678 2778 761 2827 Hera·
798 2776 879 2839 ipsam
893 2777 969 2826 lueri.
1002 2777 1079 2826 Silins
1089 2776 1134 2826 lib.
1148 2789 1189 2825 ιιι.
1208 2789 1267 2838 pag.
1286 2781 1328 2828 77.

231 2850 282 2898 elio
299 2849 493 2900 Jovinianorurn
516 2854 619 2902 tribuno
641 2868 672 2902 ae
693 2867 761 2917 pene
796 2851 971 2914 ‘Compesoet
992 2852 1056 2915 ripis
1079 2851 1215 2913 noenum:
1233 2851 1261 2899 id
1280 2859 1331 2916 est,

230 2926 400 2991 omuibnaqui
421 2928 545 2977 militibur
565 2935 696 2991 preerant
716 2941 759 2976 ex·
797 2927 962 2976 excursiones
990 2926 1177 2976 Germanorum
1207 2927 1328 2989 prohibe·

231 3001 343 3062 slinetis,
360 3004 449 3065 paucio
465 3001 586 3064 effugium
607 3011 760 3053 tntnm'uox
798 3002 853 3050 bit:
880 3002 914 3050 de
930 3001 1101 3063 Vespasiano.
1135 3001 1246 3053 Dixerat
1268 3003 1326 3066 jana

231 3088 260 3124 er
296 3078 402 3126 latibula
437 3079 557 3127 alivarum
596 3078 761 3141 praetitere!
796 3075 828 3124 de
840 3077 931 3139 Crispo
941 3075 1037 3124 Publii.
1055 3075 1212 3137 Optuliruns
1231 3077 1257 3128 in
1277 3078 1328 3130 Pa.

230 3154 304 3203 ldem
327 3156 402 3217 panio
430 3163 488 3217 post
507 3156 682 3205 Valentiniani
704 3155 758 3205 An·
795 3151 916 3214 negyrieo
947 3149 1109 3200 Conutautini
1139 3149 1227 3212 Magni
1256 3150 1325 3215 Imp.

229 3229 301 3291 gusti
329 3230 500 3279 necessitates
535 3245 756 3280 commemorans:
795 3224 864 3274 ‘Sed
876 3223 1325 3288 CrispiinforlinvireoNondtrbiae

228 3303 757 3367 ⁴DumdiversainOrienteperTbraees
795 3302 852 3364 ripa
873 3301 988 3350 Rhenum
1016 3300 1221 3364 Rhodanumque
1247 3304 1325 3364 tueri,

229 3383 363 3438 geruntur,
381 3378 405 3425 in
429 3379 517 3427 Gallia
536 3386 619 3427 status
640 3381 757 3443 publicus
794 3377 926 3427 Ulteriora
948 3386 1040 3442 parant
1062 3385 1089 3427 et
1113 3378 1222 3427 Francis
1242 3381 1325 3429 tristia

229 3453 404 3515 perturbatur.
437 3453 530 3502 Clauso
549 3454 756 3517 apudViennam
791 3455 866 3519 jura!
899 3457 933 3504 Et
960 3464 1051 3519 postea
1078 3455 1186 3504 limitem
1216 3457 1323 3506 Francis

228 3528 319 3590 palatii
328 3527 427 3576 oedibus
436 3527 560 3591 Principe
569 3529 759 3595 Valentiniano,
794 3531 954 3594 eripiendum
972 3531 1114 3579 ominatur:
1132 3532 1190 3579 ‘En
1206 3530 1323 3595 Auguste

229 3610 256 3652 et
269 3617 335 3664 pene
347 3600 413 3650 infra
426 3603 518 3664 privati
528 3603 629 3652 nrodnnr
641 3604 758 3667 redacto,
795 3606 845 3654 tuis
858 3620 983 3668 praesens,
1000 3612 1027 3654 el
1046 3613 1132 3654 tantus
1151 3606 1255 3669 ubique,
1273 3607 1323 3655 Im·

227 3678 347 3740 militaris
359 3677 396 3724 rei
408 3692 469 3725 cura
482 3678 588 3728 Francis
601 3680 756 3730 satellitibus
794 3681 883 3743 perlis,
908 3679 1019 3730 secunde
1040 3695 1116 3743 paras
1141 3695 1209 3731 nune
1238 3683 1323 3732 ourine

226 3751 333 3810 tradita,
350 3750 435 3798 civilia
452 3765 554 3814 quoqne
574 3751 657 3802 officia
676 3761 757 3803 trano·
793 3755 877 3818 Crispi
898 3756 996 3804 Oceani
1015 3756 1126 3804 intactas
1146 3770 1214 3819 oras,
1230 3757 1323 3821 qnibrrs

226 3839 315 3889 gressa
332 3824 356 3872 in
373 3825 573 3888 conjurationem
585 3826 755 3891 honorastis:
792 3837 866 3879 eruta
878 3831 969 3880 Franci
982 3832 1038 3880 Dat
1057 3831 1127 3892 regio
1147 3833 1239 3893 procul
1259 3846 1322 3889 ecoe

225 3901 361 3964 nullusque
383 3915 415 3947 ex
443 3901 560 3950 omnibus
587 3905 754 3954 sacramenrir
791 3904 870 3967 dium,
897 3906 940 3955 cui
962 3905 1038 3954 deuia
1058 3905 1117 3953 latis
1138 3905 1207 3954 Tota
1228 3914 1321 3969 patent

225 3976 324 4024 miiitiae
346 3975 478 4025 obstrictis
500 3977 686 4039 reperiebatur,
710 3979 754 4041 qrri
791 3981 1112 4045 eampirsubcaesolirnite.
1145 3982 1239 4031 Victor
1260 3983 1321 4033 Rite

224 4049 342 4099 familiari
354 4052 475 4114 principia
485 4052 595 4101 sermoni
614 4060 660 4101 aut
674 4053 754 4115 jussis
790 4065 865 4105 aravo
887 4070 984 4105 anmnro
1005 4055 1102 4116 melior,
1130 4055 1172 4104 eni
1195 4054 1319 4106 Claudius

225 4122 331 4190 obsequi
348 4125 475 4175 auderet!
509 4127 544 4176 Et
564 4141 628 4176 rana
650 4127 753 4177 omnino
789 4144 850 4181 acer
861 4131 1055 4194 Magnanimum
1067 4129 1137 4179 sidus
1154 4128 1201 4180 dat
1221 4131 1319 4189 olerona
