<?xml version="1.0" encoding="UTF-8"?>
<!DOCTYPE html PUBLIC "-//W3C//DTD XHTML 1.0 Transitional//EN"
    "http://www.w3.org/TR/xhtml1/DTD/xhtml1-transitional.dtd">
<html xmlns="http://www.w3.org/1999/xhtml" xml:lang="en" lang="en">
 <head>
  <title>
</title>
<meta http-equiv="Content-Type" content="text/html;charset=utf-8" />
  <meta name='ocr-system' content='tesseract 3.04.00' />
  <meta name='ocr-capabilities' content='ocr_page ocr_carea ocr_par ocr_line ocrx_word'/>
</head>
<body>
  <div class='ocr_page' id='page_1' title='image "./dmagniausoniibu00ausogoog_0083.png"; bbox 0 0 2804 4764; ppageno 0'>
   <div class='ocr_carea' id='block_1_1' title="bbox 234 297 983 364">
    <p class='ocr_par' dir='ltr' id='par_1_1' title="bbox 234 297 983 364">
     <span class='ocr_line' id='line_1_1' title="bbox 234 297 983 364; baseline -0.007 0"><span class='ocrx_word' id='word_1_1' title='bbox 234 297 300 364; x_wconf 78' lang='lat'>960</span> <span class='ocrx_word' id='word_1_2' title='bbox 585 309 694 360; x_wconf 81' lang='lat' dir='ltr'>norat</span> <span class='ocrx_word' id='word_1_3' title='bbox 719 309 918 360; x_wconf 68' lang='lat' dir='ltr'>retroeunt</span> <span class='ocrx_word' id='word_1_4' title='bbox 943 310 983 359; x_wconf 85' lang='lat' dir='ltr'>ru</span> 
     </span>
    </p>
   </div>
   <div class='ocr_carea' id='block_1_2' title="bbox 231 447 1334 1344">
    <p class='ocr_par' dir='ltr' id='par_1_2' title="bbox 233 447 1334 512">
     <span class='ocr_line' id='line_1_2' title="bbox 233 447 1334 512; baseline -0.005 -8"><span class='ocrx_word' id='word_1_5' title='bbox 233 452 385 505; x_wconf 78' lang='lat' dir='ltr'>Jtrtinlani.</span> <span class='ocrx_word' id='word_1_6' title='bbox 403 452 477 501; x_wconf 77' lang='lat' dir='ltr'>iden.</span> <span class='ocrx_word' id='word_1_7' title='bbox 800 449 928 500; x_wconf 83' lang='lat' dir='ltr'>bominem</span> <span class='ocrx_word' id='word_1_8' title='bbox 953 450 1065 512; x_wconf 78' lang='lat' dir='ltr'>eleganti</span> <span class='ocrx_word' id='word_1_9' title='bbox 1088 447 1161 512; x_wconf 76' lang='lat' dir='ltr'>joco,</span> <span class='ocrx_word' id='word_1_10' title='bbox 1189 449 1334 500; x_wconf 70' lang='lat' dir='ltr'>sublimine</span> 
     </span>
    </p>

    <p class='ocr_par' dir='ltr' id='par_1_3' title="bbox 231 525 1334 1344">
     <span class='ocr_line' id='line_1_3' title="bbox 268 525 1333 591; baseline -0.001 -13"><span class='ocrx_word' id='word_1_11' title='bbox 268 529 409 579; x_wconf 79' lang='lat' dir='ltr'>Rutioaileua</span> <span class='ocrx_word' id='word_1_12' title='bbox 425 529 480 577; x_wconf 76' lang='lat' dir='ltr'>iude</span> <span class='ocrx_word' id='word_1_13' title='bbox 494 527 638 589; x_wconf 79' lang='lat' dir='ltr'>Praeprritar</span> <span class='ocrx_word' id='word_1_14' title='bbox 654 525 760 591; x_wconf 58' lang='lat' dir='ltr'>meir]</span> <span class='ocrx_word' id='word_1_15' title='bbox 799 525 954 589; x_wconf 83' lang='lat' dir='ltr'>babendum,</span> <span class='ocrx_word' id='word_1_16' title='bbox 985 539 1077 590; x_wconf 80' lang='lat' dir='ltr'>regere</span> <span class='ocrx_word' id='word_1_17' title='bbox 1105 526 1217 591; x_wconf 68' lang='lat' dir='ltr'>aliquam</span> <span class='ocrx_word' id='word_1_18' title='bbox 1246 526 1333 578; x_wconf 72' lang='lat' dir='ltr'>Itailoe</span> 
     </span>
     <span class='ocr_line' id='line_1_4' title="bbox 233 601 1334 670; baseline -0.004 -14"><span class='ocrx_word' id='word_1_19' title='bbox 233 604 328 670; x_wconf 77' lang='lat' dir='ltr'>Lybie,</span> <span class='ocrx_word' id='word_1_20' title='bbox 349 605 437 655; x_wconf 75' lang='lat' dir='ltr'>Africa</span> <span class='ocrx_word' id='word_1_21' title='bbox 456 611 507 663; x_wconf 88' lang='lat' dir='ltr'>eat,</span> <span class='ocrx_word' id='word_1_22' title='bbox 526 611 554 652; x_wconf 93' lang='lat' dir='ltr'>et</span> <span class='ocrx_word' id='word_1_23' title='bbox 574 602 674 652; x_wconf 68' lang='lat' dir='ltr'>Africo</span> <span class='ocrx_word' id='word_1_24' title='bbox 693 616 761 665; x_wconf 81' lang='lat' dir='ltr'>perr.</span> <span class='ocrx_word' id='word_1_25' title='bbox 800 609 910 665; x_wconf 88' lang='lat' dir='ltr'>partem,</span> <span class='ocrx_word' id='word_1_26' title='bbox 921 616 997 665; x_wconf 86' lang='lat' dir='ltr'>quarn</span> <span class='ocrx_word' id='word_1_27' title='bbox 1016 609 1087 651; x_wconf 79' lang='lat' dir='ltr'>trane</span> <span class='ocrx_word' id='word_1_28' title='bbox 1102 601 1186 664; x_wconf 78' lang='lat' dir='ltr'>Alpea</span> <span class='ocrx_word' id='word_1_29' title='bbox 1203 601 1334 665; x_wconf 66' lang='lat' dir='ltr'>regnare!</span> 
     </span>
     <span class='ocr_line' id='line_1_5' title="bbox 233 677 1333 742; baseline -0.003 -11"><span class='ocrx_word' id='word_1_30' title='bbox 233 681 276 731; x_wconf 80' lang='lat' dir='ltr'>Ab</span> <span class='ocrx_word' id='word_1_31' title='bbox 289 680 429 731; x_wconf 71' lang='lat' dir='ltr'>rationibus</span> <span class='ocrx_word' id='word_1_32' title='bbox 441 687 526 728; x_wconf 87' lang='lat' dir='ltr'>antem</span> <span class='ocrx_word' id='word_1_33' title='bbox 545 680 580 726; x_wconf 91' lang='lat' dir='ltr'>rei</span> <span class='ocrx_word' id='word_1_34' title='bbox 594 677 761 742; x_wconf 70' lang='lat' dir='ltr'>pecuniariae,</span> <span class='ocrx_word' id='word_1_35' title='bbox 797 677 941 727; x_wconf 71' lang='lat' dir='ltr'>Trebellius</span> <span class='ocrx_word' id='word_1_36' title='bbox 963 677 1047 727; x_wconf 91' lang='lat' dir='ltr'>Pollio</span> <span class='ocrx_word' id='word_1_37' title='bbox 1069 677 1102 727; x_wconf 90' lang='lat' dir='ltr'>de</span> <span class='ocrx_word' id='word_1_38' title='bbox 1123 677 1233 728; x_wconf 70' lang='lat' dir='ltr'>eodenm</span> <span class='ocrx_word' id='word_1_39' title='bbox 1258 679 1333 728; x_wconf 81' lang='lat' dir='ltr'>‘Pu-</span> 
     </span>
     <span class='ocr_line' id='line_1_6' title="bbox 233 752 1333 806; baseline -0.001 0"><span class='ocrx_word' id='word_1_40' title='bbox 233 756 384 806; x_wconf 80' lang='lat' dir='ltr'>Rationalea</span> <span class='ocrx_word' id='word_1_41' title='bbox 395 753 443 803; x_wconf 79' lang='lat' dir='ltr'>rub</span> <span class='ocrx_word' id='word_1_42' title='bbox 456 753 603 803; x_wconf 69' lang='lat' dir='ltr'>Cesaribus</span> <span class='ocrx_word' id='word_1_43' title='bbox 615 752 680 802; x_wconf 91' lang='lat' dir='ltr'>dicti</span> <span class='ocrx_word' id='word_1_44' title='bbox 691 760 761 802; x_wconf 85' lang='lat' dir='ltr'>runt.</span> <span class='ocrx_word' id='word_1_45' title='bbox 799 753 861 801; x_wconf 86' lang='lat' dir='ltr'>dore</span> <span class='ocrx_word' id='word_1_46' title='bbox 879 760 964 802; x_wconf 87' lang='lat' dir='ltr'>tamen</span> <span class='ocrx_word' id='word_1_47' title='bbox 976 753 1061 802; x_wconf 79' lang='lat' dir='ltr'>victua</span> <span class='ocrx_word' id='word_1_48' title='bbox 1079 754 1118 802; x_wconf 85' lang='lat' dir='ltr'>rlr</span> <span class='ocrx_word' id='word_1_49' title='bbox 1133 755 1240 803; x_wconf 86' lang='lat' dir='ltr'>nimium</span> <span class='ocrx_word' id='word_1_50' title='bbox 1257 769 1333 805; x_wconf 83' lang='lat' dir='ltr'>aere·</span> 
     </span>
     <span class='ocr_line' id='line_1_7' title="bbox 232 827 1332 893; baseline -0.002 -12"><span class='ocrx_word' id='word_1_51' title='bbox 232 832 315 882; x_wconf 78' lang='lat' dir='ltr'>AEliua</span> <span class='ocrx_word' id='word_1_52' title='bbox 328 828 490 888; x_wconf 68' lang='lat' dir='ltr'>lampridius</span> <span class='ocrx_word' id='word_1_53' title='bbox 504 828 697 881; x_wconf 72' lang='lat' dir='ltr'>deAlexandro</span> <span class='ocrx_word' id='word_1_54' title='bbox 709 828 762 877; x_wconf 75' lang='lat' dir='ltr'>An·</span> <span class='ocrx_word' id='word_1_55' title='bbox 799 840 852 883; x_wconf 82' lang='lat' dir='ltr'>rur,</span> <span class='ocrx_word' id='word_1_56' title='bbox 863 839 932 888; x_wconf 87' lang='lat' dir='ltr'>enm,</span> <span class='ocrx_word' id='word_1_57' title='bbox 945 841 1022 892; x_wconf 84' lang='lat' dir='ltr'>quem</span> <span class='ocrx_word' id='word_1_58' title='bbox 1039 827 1255 893; x_wconf 72' lang='lat' dir='ltr'><strong>triumphaverat,</strong></span> <span class='ocrx_word' id='word_1_59' title='bbox 1264 830 1332 880; x_wconf 80' lang='lat' dir='ltr'>Cor·</span> 
     </span>
     <span class='ocr_line' id='line_1_8' title="bbox 233 902 1334 971; baseline 0.001 -16"><span class='ocrx_word' id='word_1_60' title='bbox 233 913 325 969; x_wconf 68' lang='lat' dir='ltr'>guitot</span> <span class='ocrx_word' id='word_1_61' title='bbox 351 904 433 960; x_wconf 84' lang='lat' dir='ltr'>‘Ubi</span> <span class='ocrx_word' id='word_1_62' title='bbox 456 904 554 968; x_wconf 83' lang='lat' dir='ltr'>aliquot</span> <span class='ocrx_word' id='word_1_63' title='bbox 576 904 698 953; x_wconf 80' lang='lat' dir='ltr'>roluiraet</span> <span class='ocrx_word' id='word_1_64' title='bbox 720 902 762 951; x_wconf 81' lang='lat' dir='ltr'>rel</span> <span class='ocrx_word' id='word_1_65' title='bbox 799 908 925 951; x_wconf 86' lang='lat' dir='ltr'>rectorem</span> <span class='ocrx_word' id='word_1_66' title='bbox 943 903 1021 951; x_wconf 89' lang='lat' dir='ltr'>totlur</span> <span class='ocrx_word' id='word_1_67' title='bbox 1041 902 1126 953; x_wconf 64' lang='lat' dir='ltr'>Italia</span> <span class='ocrx_word' id='word_1_68' title='bbox 1146 902 1222 965; x_wconf 78' lang='lat' dir='ltr'>fecit,</span> <span class='ocrx_word' id='word_1_69' title='bbox 1237 904 1265 955; x_wconf 92' lang='lat' dir='ltr'>id</span> <span class='ocrx_word' id='word_1_70' title='bbox 1283 913 1334 971; x_wconf 83' lang='lat' dir='ltr'>eat,</span> 
     </span>
     <span class='ocr_line' id='line_1_9' title="bbox 231 976 1333 1043; baseline 0.002 -15"><span class='ocrx_word' id='word_1_71' title='bbox 231 989 349 1030; x_wconf 84' lang='lat' dir='ltr'>rectorea</span> <span class='ocrx_word' id='word_1_72' title='bbox 366 978 591 1043; x_wconf 78' lang='lat' dir='ltr'>provinciisdare,</span> <span class='ocrx_word' id='word_1_73' title='bbox 602 980 643 1027; x_wconf 90' lang='lat' dir='ltr'>rel</span> <span class='ocrx_word' id='word_1_74' title='bbox 663 992 761 1042; x_wconf 74' lang='lat' dir='ltr'>prepo-</span> <span class='ocrx_word' id='word_1_75' title='bbox 799 977 958 1040; x_wconf 70' lang='lat' dir='ltr'>campanie,</span> <span class='ocrx_word' id='word_1_76' title='bbox 976 976 1083 1037; x_wconf 87' lang='lat' dir='ltr'>Samnii,</span> <span class='ocrx_word' id='word_1_77' title='bbox 1102 978 1236 1042; x_wconf 66' lang='lat' dir='ltr'>nocente,</span> <span class='ocrx_word' id='word_1_78' title='bbox 1248 979 1333 1030; x_wconf 86' lang='lat' dir='ltr'>¹Brut-</span> 
     </span>
     <span class='ocr_line' id='line_1_10' title="bbox 231 1051 1331 1117; baseline 0.001 -13"><span class='ocrx_word' id='word_1_79' title='bbox 231 1055 295 1104; x_wconf 82' lang='lat' dir='ltr'>aitor</span> <span class='ocrx_word' id='word_1_80' title='bbox 311 1054 458 1117; x_wconf 78' lang='lat' dir='ltr'>sacere‚rel</span> <span class='ocrx_word' id='word_1_81' title='bbox 476 1058 665 1117; x_wconf 65' lang='lat' dir='ltr'>procuratores,</span> <span class='ocrx_word' id='word_1_82' title='bbox 676 1052 703 1101; x_wconf 90' lang='lat' dir='ltr'>id</span> <span class='ocrx_word' id='word_1_83' title='bbox 721 1060 763 1103; x_wconf 83' lang='lat' dir='ltr'>eat</span> <span class='ocrx_word' id='word_1_84' title='bbox 800 1051 902 1114; x_wconf 89' lang='lat' dir='ltr'>tiorum,</span> <span class='ocrx_word' id='word_1_85' title='bbox 924 1051 1036 1115; x_wconf 74' lang='lat' dir='ltr'>Apulic,</span> <span class='ocrx_word' id='word_1_86' title='bbox 1058 1051 1197 1114; x_wconf 75' lang='lat' dir='ltr'>calabrie,</span> <span class='ocrx_word' id='word_1_87' title='bbox 1216 1054 1331 1105; x_wconf 63' lang='lat' dir='ltr'>Etruria</span> 
     </span>
     <span class='ocr_line' id='line_1_11' title="bbox 232 1128 1333 1195; baseline 0.003 -17"><span class='ocrx_word' id='word_1_88' title='bbox 232 1131 383 1191; x_wconf 77' lang='lat' dir='ltr'>rationales,</span> <span class='ocrx_word' id='word_1_89' title='bbox 400 1129 531 1190; x_wconf 85' lang='lat' dir='ltr'>ordinare,</span> <span class='ocrx_word' id='word_1_90' title='bbox 551 1129 655 1177; x_wconf 89' lang='lat' dir='ltr'>nomina</span> <span class='ocrx_word' id='word_1_91' title='bbox 672 1143 761 1178; x_wconf 90' lang='lat' dir='ltr'>eorum</span> <span class='ocrx_word' id='word_1_92' title='bbox 799 1135 880 1192; x_wconf 85' lang='lat' dir='ltr'>atque</span> <span class='ocrx_word' id='word_1_93' title='bbox 898 1128 1024 1190; x_wconf 64' lang='lat' dir='ltr'>Umbria,</span> <span class='ocrx_word' id='word_1_94' title='bbox 1041 1129 1132 1178; x_wconf 85' lang='lat' dir='ltr'>Piceni</span> <span class='ocrx_word' id='word_1_95' title='bbox 1149 1136 1177 1179; x_wconf 88' lang='lat' dir='ltr'>et</span> <span class='ocrx_word' id='word_1_96' title='bbox 1189 1130 1333 1195; x_wconf 65' lang='lat' dir='ltr'>Flaminia,</span> 
     </span>
     <span class='ocr_line' id='line_1_12' title="bbox 231 1203 1333 1269; baseline -0.005 -16"><span class='ocrx_word' id='word_1_97' title='bbox 231 1203 410 1269; x_wconf 71' lang='lat' dir='ltr'>proponebat!</span> <span class='ocrx_word' id='word_1_98' title='bbox 442 1205 527 1254; x_wconf 80' lang='lat' dir='ltr'>luliur</span> <span class='ocrx_word' id='word_1_99' title='bbox 549 1204 714 1267; x_wconf 73' lang='lat' dir='ltr'>Capitolino·</span> <span class='ocrx_word' id='word_1_100' title='bbox 733 1206 760 1254; x_wconf 91' lang='lat' dir='ltr'>in</span> <span class='ocrx_word' id='word_1_101' title='bbox 798 1203 1234 1268; x_wconf 67' lang='lat' dir='ltr'>omnirqueannonarlmrcgionia!</span> <span class='ocrx_word' id='word_1_102' title='bbox 1266 1206 1333 1255; x_wconf 79' lang='lat' dir='ltr'>Can.</span> 
     </span>
     <span class='ocr_line' id='line_1_13' title="bbox 232 1277 1330 1344; baseline 0 -15"><span class='ocrx_word' id='word_1_103' title='bbox 232 1280 375 1330; x_wconf 75' lang='lat' dir='ltr'>Maximino</span> <span class='ocrx_word' id='word_1_104' title='bbox 394 1281 512 1329; x_wconf 73' lang='lat' dir='ltr'>seniore:</span> <span class='ocrx_word' id='word_1_105' title='bbox 530 1280 615 1329; x_wconf 83' lang='lat' dir='ltr'>‘Erat</span> <span class='ocrx_word' id='word_1_106' title='bbox 630 1279 686 1330; x_wconf 87' lang='lat' dir='ltr'>tirci</span> <span class='ocrx_word' id='word_1_107' title='bbox 703 1295 760 1344; x_wconf 67' lang='lat' dir='ltr'>prot</span> <span class='ocrx_word' id='word_1_108' title='bbox 798 1277 927 1339; x_wconf 82' lang='lat' dir='ltr'>aindoma,</span> <span class='ocrx_word' id='word_1_109' title='bbox 935 1277 1001 1327; x_wconf 90' lang='lat' dir='ltr'>libro</span> <span class='ocrx_word' id='word_1_110' title='bbox 1010 1279 1088 1328; x_wconf 90' lang='lat' dir='ltr'>tertio</span> <span class='ocrx_word' id='word_1_111' title='bbox 1103 1280 1244 1339; x_wconf 83' lang='lat' dir='ltr'>variarum,</span> <span class='ocrx_word' id='word_1_112' title='bbox 1257 1279 1330 1330; x_wconf 87' lang='lat' dir='ltr'>litte·</span> 
     </span>
    </p>
   </div>
   <div class='ocr_carea' id='block_1_3' title="bbox 151 1350 1331 1419">
    <p class='ocr_par' dir='ltr' id='par_1_4' title="bbox 151 1350 1331 1419">
     <span class='ocr_line' id='line_1_14' title="bbox 151 1350 1331 1419; baseline 0 -15"><span class='ocrx_word' id='word_1_113' title='bbox 151 1400 153 1404; x_wconf 85' lang='lat'><em>.</em></span> <span class='ocrx_word' id='word_1_114' title='bbox 232 1366 338 1406; x_wconf 83' lang='lat' dir='ltr'>carator</span> <span class='ocrx_word' id='word_1_115' title='bbox 354 1358 379 1404; x_wconf 93' lang='lat' dir='ltr'>in</span> <span class='ocrx_word' id='word_1_116' title='bbox 399 1355 544 1419; x_wconf 81' lang='lat' dir='ltr'>Lybia,qui</span> <span class='ocrx_word' id='word_1_117' title='bbox 561 1369 660 1416; x_wconf 77' lang='lat' dir='ltr'>omnes,</span> <span class='ocrx_word' id='word_1_118' title='bbox 676 1355 762 1405; x_wconf 83' lang='lat' dir='ltr'>Maxi·</span> <span class='ocrx_word' id='word_1_119' title='bbox 798 1364 840 1400; x_wconf 78' lang='lat' dir='ltr'>rar</span> <span class='ocrx_word' id='word_1_120' title='bbox 856 1352 930 1413; x_wconf 89' lang='lat' dir='ltr'>ponit</span> <span class='ocrx_word' id='word_1_121' title='bbox 946 1351 1101 1401; x_wconf 74' lang='lat' dir='ltr'>Theudorici</span> <span class='ocrx_word' id='word_1_122' title='bbox 1119 1350 1153 1400; x_wconf 90' lang='lat' dir='ltr'>ad</span> <span class='ocrx_word' id='word_1_123' title='bbox 1169 1351 1331 1405; x_wconf 79' lang='lat' dir='ltr'>venantium</span> 
     </span>
    </p>
   </div>
   <div class='ocr_carea' id='block_1_4' title="bbox 168 1426 1332 4204">
    <p class='ocr_par' dir='ltr' id='par_1_5' title="bbox 168 1426 1332 4204">
     <span class='ocr_line' id='line_1_15' title="bbox 232 1426 1330 1494; baseline -0.004 -13"><span class='ocrx_word' id='word_1_124' title='bbox 232 1432 295 1491; x_wconf 81' lang='lat' dir='ltr'>atini</span> <span class='ocrx_word' id='word_1_125' title='bbox 318 1431 415 1491; x_wconf 77' lang='lat' dir='ltr'>erudio,</span> <span class='ocrx_word' id='word_1_126' title='bbox 436 1431 598 1494; x_wconf 69' lang='lat' dir='ltr'>spoliaverat.</span> <span class='ocrx_word' id='word_1_127' title='bbox 632 1430 683 1480; x_wconf 84' lang='lat' dir='ltr'>Hic</span> <span class='ocrx_word' id='word_1_128' title='bbox 714 1445 762 1494; x_wconf 90' lang='lat' dir='ltr'>per</span> <span class='ocrx_word' id='word_1_129' title='bbox 800 1426 1330 1481; x_wconf 72' lang='lat' dir='ltr'>torreemremnueanteetnmttiomm:</span> 
     </span>
     <span class='ocr_line' id='line_1_16' title="bbox 232 1502 1332 1570; baseline -0.003 -14"><span class='ocrx_word' id='word_1_130' title='bbox 232 1507 391 1556; x_wconf 80' lang='lat' dir='ltr'>rmtlemnm</span> <span class='ocrx_word' id='word_1_131' title='bbox 408 1507 521 1569; x_wconf 88' lang='lat' dir='ltr'>plebem,</span> <span class='ocrx_word' id='word_1_132' title='bbox 537 1505 632 1554; x_wconf 89' lang='lat' dir='ltr'>deinde</span> <span class='ocrx_word' id='word_1_133' title='bbox 648 1510 762 1570; x_wconf 84' lang='lat' dir='ltr'>etqnoa·</span> <span class='ocrx_word' id='word_1_134' title='bbox 797 1502 907 1550; x_wconf 86' lang='lat' dir='ltr'>latorum</span> <span class='ocrx_word' id='word_1_135' title='bbox 929 1509 1016 1551; x_wconf 88' lang='lat' dir='ltr'>antem</span> <span class='ocrx_word' id='word_1_136' title='bbox 1043 1503 1225 1552; x_wconf 80' lang='lat' dir='ltr'>correctorum</span> <span class='ocrx_word' id='word_1_137' title='bbox 1247 1502 1332 1567; x_wconf 85' lang='lat' dir='ltr'>quotl-</span> 
     </span>
     <span class='ocr_line' id='line_1_17' title="bbox 231 1577 1332 1643; baseline -0.001 -13"><span class='ocrx_word' id='word_1_138' title='bbox 231 1581 293 1631; x_wconf 89' lang='lat' dir='ltr'>dam</span> <span class='ocrx_word' id='word_1_139' title='bbox 315 1582 408 1631; x_wconf 75' lang='lat' dir='ltr'>militer</span> <span class='ocrx_word' id='word_1_140' title='bbox 430 1581 603 1643; x_wconf 76' lang='lat' dir='ltr'>interemptus</span> <span class='ocrx_word' id='word_1_141' title='bbox 625 1586 675 1630; x_wconf 85' lang='lat' dir='ltr'>ert.</span> <span class='ocrx_word' id='word_1_142' title='bbox 708 1579 759 1630; x_wconf 77' lang='lat' dir='ltr'>Sed</span> <span class='ocrx_word' id='word_1_143' title='bbox 800 1590 905 1642; x_wconf 89' lang='lat' dir='ltr'>cunque</span> <span class='ocrx_word' id='word_1_144' title='bbox 922 1592 1014 1627; x_wconf 87' lang='lat' dir='ltr'>munna</span> <span class='ocrx_word' id='word_1_145' title='bbox 1031 1577 1161 1643; x_wconf 84' lang='lat' dir='ltr'>quondam</span> <span class='ocrx_word' id='word_1_146' title='bbox 1175 1577 1267 1641; x_wconf 79' lang='lat' dir='ltr'>luerit,</span> <span class='ocrx_word' id='word_1_147' title='bbox 1287 1579 1332 1629; x_wconf 87' lang='lat' dir='ltr'>ba·</span> 
     </span>
     <span class='ocr_line' id='line_1_18' title="bbox 232 1652 1332 1721; baseline 0.002 -17"><span class='ocrx_word' id='word_1_148' title='bbox 232 1669 311 1721; x_wconf 82' lang='lat' dir='ltr'>quum</span> <span class='ocrx_word' id='word_1_149' title='bbox 328 1670 375 1720; x_wconf 88' lang='lat' dir='ltr'>per</span> <span class='ocrx_word' id='word_1_150' title='bbox 391 1670 445 1717; x_wconf 85' lang='lat' dir='ltr'>eor,</span> <span class='ocrx_word' id='word_1_151' title='bbox 456 1655 501 1719; x_wconf 87' lang='lat' dir='ltr'>qui</span> <span class='ocrx_word' id='word_1_152' title='bbox 517 1655 668 1705; x_wconf 78' lang='lat' dir='ltr'>rationalem</span> <span class='ocrx_word' id='word_1_153' title='bbox 680 1654 705 1704; x_wconf 91' lang='lat' dir='ltr'>in</span> <span class='ocrx_word' id='word_1_154' title='bbox 716 1655 761 1704; x_wconf 79' lang='lat' dir='ltr'>lio·</span> <span class='ocrx_word' id='word_1_155' title='bbox 798 1652 862 1703; x_wconf 87' lang='lat' dir='ltr'>bent</span> <span class='ocrx_word' id='word_1_156' title='bbox 872 1653 999 1718; x_wconf 79' lang='lat' dir='ltr'>hodieque</span> <span class='ocrx_word' id='word_1_157' title='bbox 1017 1653 1207 1717; x_wconf 71' lang='lat' dir='ltr'>Hispaniense·</span> <span class='ocrx_word' id='word_1_158' title='bbox 1227 1657 1332 1718; x_wconf 83' lang='lat' dir='ltr'>proriu-</span> 
     </span>
     <span class='ocr_line' id='line_1_19' title="bbox 231 1727 1332 1792; baseline 0.002 -14"><span class='ocrx_word' id='word_1_159' title='bbox 231 1744 321 1780; x_wconf 85' lang='lat' dir='ltr'>uorem</span> <span class='ocrx_word' id='word_1_160' title='bbox 340 1730 477 1779; x_wconf 80' lang='lat' dir='ltr'>Maximini</span> <span class='ocrx_word' id='word_1_161' title='bbox 495 1727 681 1791; x_wconf 76' lang='lat' dir='ltr'>defendebant,</span> <span class='ocrx_word' id='word_1_162' title='bbox 691 1729 762 1779; x_wconf 84' lang='lat' dir='ltr'>ride·</span> <span class='ocrx_word' id='word_1_163' title='bbox 798 1727 847 1777; x_wconf 83' lang='lat' dir='ltr'>cite</span> <span class='ocrx_word' id='word_1_164' title='bbox 859 1727 934 1790; x_wconf 74' lang='lat' dir='ltr'>liujus</span> <span class='ocrx_word' id='word_1_165' title='bbox 945 1728 1054 1777; x_wconf 89' lang='lat' dir='ltr'>nominia</span> <span class='ocrx_word' id='word_1_166' title='bbox 1062 1729 1238 1792; x_wconf 75' lang='lat' dir='ltr'>magiatratna.</span> <span class='ocrx_word' id='word_1_167' title='bbox 1255 1729 1332 1780; x_wconf 68' lang='lat' dir='ltr'>iden.</span> 
     </span>
     <span class='ocr_line' id='line_1_20' title="bbox 232 1802 1331 1868; baseline 0.001 -13"><span class='ocrx_word' id='word_1_168' title='bbox 232 1813 294 1856; x_wconf 87' lang='lat' dir='ltr'>reut</span> <span class='ocrx_word' id='word_1_169' title='bbox 312 1814 433 1856; x_wconf 84' lang='lat' dir='ltr'>ructorea</span> <span class='ocrx_word' id='word_1_170' title='bbox 452 1805 532 1855; x_wconf 79' lang='lat' dir='ltr'>credie</span> <span class='ocrx_word' id='word_1_171' title='bbox 550 1805 684 1868; x_wconf 77' lang='lat' dir='ltr'>eina,’&amp;e.</span> <span class='ocrx_word' id='word_1_172' title='bbox 712 1806 761 1855; x_wconf 83' lang='lat' dir='ltr'>Fa·</span> <span class='ocrx_word' id='word_1_173' title='bbox 830 1805 861 1850; x_wconf 79' lang='lat'>12</span> <span class='ocrx_word' id='word_1_174' title='bbox 879 1803 939 1851; x_wconf 71' lang='lat' dir='ltr'>Eue</span> <span class='ocrx_word' id='word_1_175' title='bbox 962 1803 1049 1853; x_wconf 70' lang='lat' dir='ltr'>etiem</span> <span class='ocrx_word' id='word_1_176' title='bbox 1070 1802 1127 1866; x_wconf 80' lang='lat' dir='ltr'>libr]</span> <span class='ocrx_word' id='word_1_177' title='bbox 1152 1804 1252 1855; x_wconf 83' lang='lat' dir='ltr'>Parere</span> <span class='ocrx_word' id='word_1_178' title='bbox 1273 1806 1331 1856; x_wconf 89' lang='lat' dir='ltr'>tibi.</span> 
     </span>
     <span class='ocr_line' id='line_1_21' title="bbox 232 1875 1232 1943; baseline 0 -13"><span class='ocrx_word' id='word_1_179' title='bbox 232 1878 290 1930; x_wconf 81' lang='lat' dir='ltr'>bina</span> <span class='ocrx_word' id='word_1_180' title='bbox 301 1879 445 1943; x_wconf 74' lang='lat' dir='ltr'>Vopiscus:</span> <span class='ocrx_word' id='word_1_181' title='bbox 463 1881 471 1908; x_wconf 87' lang='lat'>‘</span> <span class='ocrx_word' id='word_1_182' title='bbox 484 1880 546 1928; x_wconf 86' lang='lat' dir='ltr'>Fuit</span> <span class='ocrx_word' id='word_1_183' title='bbox 561 1879 609 1928; x_wconf 84' lang='lat' dir='ltr'>rub</span> <span class='ocrx_word' id='word_1_184' title='bbox 621 1877 761 1930; x_wconf 78' lang='lat' dir='ltr'>Aureliano</span> <span class='ocrx_word' id='word_1_185' title='bbox 799 1875 864 1939; x_wconf 76' lang='lat' dir='ltr'>Regi</span> <span class='ocrx_word' id='word_1_186' title='bbox 876 1875 921 1925; x_wconf 88' lang='lat' dir='ltr'>abr</span> <span class='ocrx_word' id='word_1_187' title='bbox 933 1884 968 1938; x_wconf 88' lang='lat' dir='ltr'>te,</span> <span class='ocrx_word' id='word_1_188' title='bbox 978 1885 1006 1928; x_wconf 87' lang='lat' dir='ltr'>et</span> <span class='ocrx_word' id='word_1_189' title='bbox 1017 1878 1122 1942; x_wconf 77' lang='lat' dir='ltr'>corrigi.</span> <span class='ocrx_word' id='word_1_190' title='bbox 1155 1879 1232 1930; x_wconf 70' lang='lat' dir='ltr'>Iden.</span> 
     </span>
     <span class='ocr_line' id='line_1_22' title="bbox 231 1951 1332 2014; baseline 0.003 -12"><span class='ocrx_word' id='word_1_191' title='bbox 231 1952 310 2002; x_wconf 78' lang='lat' dir='ltr'>etiem</span> <span class='ocrx_word' id='word_1_192' title='bbox 321 1953 522 2004; x_wconf 83' lang='lat' dir='ltr'>monetariorum</span> <span class='ocrx_word' id='word_1_193' title='bbox 537 1953 642 2011; x_wconf 85' lang='lat' dir='ltr'>bellum,</span> <span class='ocrx_word' id='word_1_194' title='bbox 654 1954 760 2004; x_wconf 75' lang='lat' dir='ltr'>Felicit-</span> <span class='ocrx_word' id='word_1_195' title='bbox 832 1951 892 1999; x_wconf 76' lang='lat' dir='ltr'>Eue</span> <span class='ocrx_word' id='word_1_196' title='bbox 905 1952 992 2001; x_wconf 74' lang='lat' dir='ltr'>cliente</span> <span class='ocrx_word' id='word_1_197' title='bbox 1008 1951 1066 2014; x_wconf 79' lang='lat' dir='ltr'>tibi]</span> <span class='ocrx_word' id='word_1_198' title='bbox 1084 1954 1191 2003; x_wconf 80' lang='lat' dir='ltr'>Fertur:</span> <span class='ocrx_word' id='word_1_199' title='bbox 1209 1954 1332 2006; x_wconf 57' lang='grc' dir='ltr'>Μαι</span> 
     </span>
     <span class='ocr_line' id='line_1_23' title="bbox 231 2027 1149 2093; baseline 0.002 -15"><span class='ocrx_word' id='word_1_200' title='bbox 231 2029 296 2081; x_wconf 84' lang='lat' dir='ltr'>rimo</span> <span class='ocrx_word' id='word_1_201' title='bbox 318 2030 438 2079; x_wconf 86' lang='lat' dir='ltr'>rationali</span> <span class='ocrx_word' id='word_1_202' title='bbox 464 2029 591 2078; x_wconf 71' lang='lat' dir='ltr'>auctore!</span> <span class='ocrx_word' id='word_1_203' title='bbox 623 2030 659 2078; x_wconf 82' lang='lat' dir='ltr'>Et</span> <span class='ocrx_word' id='word_1_204' title='bbox 683 2031 761 2093; x_wconf 86' lang='lat' dir='ltr'>paulo</span> <span class='ocrx_word' id='word_1_205' title='bbox 799 2027 940 2088; x_wconf 71' lang='lat' dir='ltr'>prodiente</span> <span class='ocrx_word' id='word_1_206' title='bbox 953 2027 1149 2078; x_wconf 82' lang='lat' dir='ltr'>Plantoadixit·</span> 
     </span>
     <span class='ocr_line' id='line_1_24' title="bbox 231 2099 1331 2169; baseline 0.003 -16"><span class='ocrx_word' id='word_1_207' title='bbox 231 2111 291 2167; x_wconf 78' lang='lat' dir='ltr'>poet</span> <span class='ocrx_word' id='word_1_208' title='bbox 307 2119 340 2153; x_wconf 85' lang='lat' dir='ltr'>ex</span> <span class='ocrx_word' id='word_1_209' title='bbox 360 2103 477 2167; x_wconf 84' lang='lat' dir='ltr'>Epirtola</span> <span class='ocrx_word' id='word_1_210' title='bbox 498 2102 615 2166; x_wconf 76' lang='lat' dir='ltr'>ejusdem</span> <span class='ocrx_word' id='word_1_211' title='bbox 637 2103 760 2167; x_wconf 85' lang='lat' dir='ltr'>principit</span> <span class='ocrx_word' id='word_1_212' title='bbox 831 2099 948 2152; x_wconf 69' lang='lat' dir='ltr'>Nolon.</span> <span class='ocrx_word' id='word_1_213' title='bbox 969 2103 1331 2169; x_wconf 58' lang='lat' dir='ltr'>icmmdm18iue</span> 
     </span>
     <span class='ocr_line' id='line_1_25' title="bbox 232 2177 1161 2240; baseline 0.001 -14"><span class='ocrx_word' id='word_1_214' title='bbox 232 2178 266 2226; x_wconf 85' lang='lat' dir='ltr'>ad</span> <span class='ocrx_word' id='word_1_215' title='bbox 277 2177 397 2240; x_wconf 80' lang='lat' dir='ltr'>Ulpium:</span> <span class='ocrx_word' id='word_1_216' title='bbox 414 2178 423 2205; x_wconf 85' lang='lat'>‘</span> <span class='ocrx_word' id='word_1_217' title='bbox 435 2177 583 2238; x_wconf 84' lang='lat' dir='ltr'>Monetarii,</span> <span class='ocrx_word' id='word_1_218' title='bbox 594 2185 701 2228; x_wconf 83' lang='lat' dir='ltr'>nnctore</span> <span class='ocrx_word' id='word_1_219' title='bbox 712 2181 760 2228; x_wconf 82' lang='lat' dir='ltr'>Fe·</span> <span class='ocrx_word' id='word_1_220' title='bbox 798 2177 949 2240; x_wconf 75' lang='lat' dir='ltr'>aynaloepba</span> <span class='ocrx_word' id='word_1_221' title='bbox 959 2178 1016 2229; x_wconf 83' lang='lat' dir='ltr'>boe.</span> <span class='ocrx_word' id='word_1_222' title='bbox 1053 2179 1161 2229; x_wconf 68' lang='lat' dir='ltr'>Vintur.</span> 
     </span>
     <span class='ocr_line' id='line_1_26' title="bbox 230 2251 1330 2318; baseline 0.005 -17"><span class='ocrx_word' id='word_1_223' title='bbox 230 2251 361 2316; x_wconf 78' lang='lat' dir='ltr'>ilcisaimo,</span> <span class='ocrx_word' id='word_1_224' title='bbox 377 2253 469 2302; x_wconf 86' lang='lat' dir='ltr'>ultimo</span> <span class='ocrx_word' id='word_1_225' title='bbox 487 2267 630 2316; x_wconf 74' lang='lat' dir='ltr'>cervorum,</span> <span class='ocrx_word' id='word_1_226' title='bbox 641 2255 684 2303; x_wconf 88' lang='lat' dir='ltr'>cni</span> <span class='ocrx_word' id='word_1_227' title='bbox 701 2268 761 2318; x_wconf 87' lang='lat' dir='ltr'>pro·</span> <span class='ocrx_word' id='word_1_228' title='bbox 831 2252 882 2302; x_wconf 87' lang='lat' dir='ltr'>No.</span> <span class='ocrx_word' id='word_1_229' title='bbox 895 2257 952 2305; x_wconf 77' lang='grc'><strong>186.</strong></span> <span class='ocrx_word' id='word_1_230' title='bbox 980 2254 1153 2318; x_wconf 79' lang='lat' dir='ltr'>lProperiter]</span> <span class='ocrx_word' id='word_1_231' title='bbox 1178 2254 1222 2304; x_wconf 84' lang='lat' dir='ltr'>De</span> <span class='ocrx_word' id='word_1_232' title='bbox 1244 2263 1330 2306; x_wconf 82' lang='lat' dir='ltr'>morte</span> 
     </span>
     <span class='ocr_line' id='line_1_27' title="bbox 230 2328 1330 2390; baseline 0 -11"><span class='ocrx_word' id='word_1_233' title='bbox 230 2330 390 2379; x_wconf 86' lang='lat' dir='ltr'>curationem</span> <span class='ocrx_word' id='word_1_234' title='bbox 400 2328 457 2378; x_wconf 86' lang='lat' dir='ltr'>fiaci</span> <span class='ocrx_word' id='word_1_235' title='bbox 473 2328 664 2390; x_wconf 82' lang='lat' dir='ltr'>mandaveram,</span> <span class='ocrx_word' id='word_1_236' title='bbox 675 2329 760 2380; x_wconf 85' lang='lat' dir='ltr'>rebel·</span> <span class='ocrx_word' id='word_1_237' title='bbox 797 2335 1031 2390; x_wconf 76' lang='lat' dir='ltr'>praeproperanter,</span> <span class='ocrx_word' id='word_1_238' title='bbox 1052 2334 1081 2378; x_wconf 83' lang='lat' dir='ltr'>et</span> <span class='ocrx_word' id='word_1_239' title='bbox 1107 2329 1185 2390; x_wconf 82' lang='lat' dir='ltr'>citor,</span> <span class='ocrx_word' id='word_1_240' title='bbox 1204 2328 1330 2380; x_wconf 81' lang='lat' dir='ltr'>brevibua</span> 
     </span>
     <span class='ocr_line' id='line_1_28' title="bbox 230 2401 1329 2468; baseline 0.002 -16"><span class='ocrx_word' id='word_1_241' title='bbox 230 2404 268 2455; x_wconf 84' lang='lat' dir='ltr'>lea</span> <span class='ocrx_word' id='word_1_242' title='bbox 289 2404 397 2467; x_wconf 83' lang='lat' dir='ltr'>apiritua</span> <span class='ocrx_word' id='word_1_243' title='bbox 418 2404 589 2454; x_wconf 66' lang='lat' dir='ltr'>extulerunt!</span> <span class='ocrx_word' id='word_1_244' title='bbox 622 2406 671 2455; x_wconf 76' lang='lat' dir='ltr'>Est</span> <span class='ocrx_word' id='word_1_245' title='bbox 693 2406 761 2456; x_wconf 81' lang='lat' dir='ltr'>libro</span> <span class='ocrx_word' id='word_1_246' title='bbox 797 2403 1001 2452; x_wconf 83' lang='lat' dir='ltr'>naturaonnctir</span> <span class='ocrx_word' id='word_1_247' title='bbox 1018 2416 1100 2467; x_wconf 86' lang='lat' dir='ltr'>prope</span> <span class='ocrx_word' id='word_1_248' title='bbox 1117 2401 1329 2468; x_wconf 79' lang='lat' dir='ltr'>tyliabla,sactoa</span> 
     </span>
     <span class='ocr_line' id='line_1_29' title="bbox 230 2478 1331 2545; baseline 0.003 -19"><span class='ocrx_word' id='word_1_249' title='bbox 230 2478 314 2540; x_wconf 88' lang='lat' dir='ltr'>primo</span> <span class='ocrx_word' id='word_1_250' title='bbox 330 2479 500 2543; x_wconf 76' lang='lat' dir='ltr'>Digestorum</span> <span class='ocrx_word' id='word_1_251' title='bbox 516 2478 654 2531; x_wconf 80' lang='lat' dir='ltr'>Jurtinianl</span> <span class='ocrx_word' id='word_1_252' title='bbox 671 2487 759 2545; x_wconf 84' lang='lat' dir='ltr'>capnt,</span> <span class='ocrx_word' id='word_1_253' title='bbox 799 2490 898 2534; x_wconf 79' lang='lat' dir='ltr'>verena,</span> <span class='ocrx_word' id='word_1_254' title='bbox 918 2478 939 2526; x_wconf 92' lang='lat' dir='ltr'>ai</span> <span class='ocrx_word' id='word_1_255' title='bbox 957 2478 1052 2528; x_wconf 85' lang='lat' dir='ltr'>librarii</span> <span class='ocrx_word' id='word_1_256' title='bbox 1071 2492 1122 2528; x_wconf 90' lang='lat' dir='ltr'>non</span> <span class='ocrx_word' id='word_1_257' title='bbox 1142 2479 1331 2543; x_wconf 75' lang='lat' dir='ltr'>conopionem,</span> 
     </span>
     <span class='ocr_line' id='line_1_30' title="bbox 230 2552 1330 2618; baseline 0.011 -14"><span class='ocrx_word' id='word_1_258' title='bbox 230 2555 284 2604; x_wconf 88' lang='lat' dir='ltr'>‘de</span> <span class='ocrx_word' id='word_1_259' title='bbox 296 2553 380 2606; x_wconf 82' lang='lat' dir='ltr'>officio</span> <span class='ocrx_word' id='word_1_260' title='bbox 399 2556 579 2606; x_wconf 85' lang='lat' dir='ltr'>Procuratcria</span> <span class='ocrx_word' id='word_1_261' title='bbox 596 2556 706 2607; x_wconf 76' lang='lat' dir='ltr'>Caeaarir</span> <span class='ocrx_word' id='word_1_262' title='bbox 718 2559 759 2606; x_wconf 83' lang='lat' dir='ltr'>nel</span> <span class='ocrx_word' id='word_1_263' title='bbox 798 2552 1031 2614; x_wconf 66' lang='lat' dir='ltr'>proteleutmatiet</span> <span class='ocrx_word' id='word_1_264' title='bbox 1056 2562 1141 2604; x_wconf 71' lang='lat' dir='ltr'>¹¹²0er</span> <span class='ocrx_word' id='word_1_265' title='bbox 1165 2568 1330 2618; x_wconf 55' lang='lat' dir='ltr'>*memb</span> 
     </span>
     <span class='ocr_line' id='line_1_31' title="bbox 231 2628 1330 2696; baseline 0.002 -16"><span class='ocrx_word' id='word_1_266' title='bbox 231 2629 393 2681; x_wconf 83' lang='lat' dir='ltr'>Rationalia.&#39;</span> <span class='ocrx_word' id='word_1_267' title='bbox 425 2632 465 2680; x_wconf 81' lang='lat' dir='ltr'>Ex</span> <span class='ocrx_word' id='word_1_268' title='bbox 477 2631 570 2695; x_wconf 83' lang='lat' dir='ltr'>quibua</span> <span class='ocrx_word' id='word_1_269' title='bbox 579 2632 641 2682; x_wconf 89' lang='lat' dir='ltr'>locia</span> <span class='ocrx_word' id='word_1_270' title='bbox 650 2630 759 2682; x_wconf 87' lang='lat' dir='ltr'>eundem</span> <span class='ocrx_word' id='word_1_271' title='bbox 797 2628 835 2677; x_wconf 74' lang='lat' dir='ltr'>tle</span> <span class='ocrx_word' id='word_1_272' title='bbox 856 2630 981 2679; x_wconf 75' lang='lat' dir='ltr'>metiens:</span> <span class='ocrx_word' id='word_1_273' title='bbox 1005 2633 1013 2660; x_wconf 90' lang='lat'>‘</span> <span class='ocrx_word' id='word_1_274' title='bbox 1036 2632 1071 2680; x_wconf 77' lang='lat' dir='ltr'>Et</span> <span class='ocrx_word' id='word_1_275' title='bbox 1097 2631 1186 2693; x_wconf 86' lang='lat' dir='ltr'>amita,</span> <span class='ocrx_word' id='word_1_276' title='bbox 1207 2633 1330 2696; x_wconf 87' lang='lat' dir='ltr'>Veneria,</span> 
     </span>
     <span class='ocr_line' id='line_1_32' title="bbox 229 2704 1329 2771; baseline 0.003 -16"><span class='ocrx_word' id='word_1_277' title='bbox 229 2720 287 2755; x_wconf 81' lang='lat' dir='ltr'>cate</span> <span class='ocrx_word' id='word_1_278' title='bbox 298 2707 380 2767; x_wconf 79' lang='lat' dir='ltr'>dicae,</span> <span class='ocrx_word' id='word_1_279' title='bbox 393 2707 555 2770; x_wconf 85' lang='lat' dir='ltr'>rationalem,</span> <span class='ocrx_word' id='word_1_280' title='bbox 565 2718 759 2769; x_wconf 86' lang='lat' dir='ltr'>procuratorem</span> <span class='ocrx_word' id='word_1_281' title='bbox 798 2704 955 2767; x_wconf 82' lang='lat' dir='ltr'>properiter,</span> <span class='ocrx_word' id='word_1_282' title='bbox 965 2705 1049 2756; x_wconf 90' lang='lat' dir='ltr'>obiit.&#39;</span> <span class='ocrx_word' id='word_1_283' title='bbox 1069 2706 1119 2756; x_wconf 85' lang='lat' dir='ltr'>Vel</span> <span class='ocrx_word' id='word_1_284' title='bbox 1129 2707 1329 2771; x_wconf 80' lang='lat' dir='ltr'>Pyrrbiclriaca,</span> 
     </span>
     <span class='ocr_line' id='line_1_33' title="bbox 229 2779 1331 2847; baseline 0.006 -19"><span class='ocrx_word' id='word_1_285' title='bbox 229 2779 333 2841; x_wconf 66' lang='lat' dir='ltr'>metet</span> <span class='ocrx_word' id='word_1_286' title='bbox 347 2789 543 2843; x_wconf 87' lang='lat' dir='ltr'>procuratorem</span> <span class='ocrx_word' id='word_1_287' title='bbox 556 2783 674 2832; x_wconf 75' lang='lat' dir='ltr'>Cetaria.</span> <span class='ocrx_word' id='word_1_288' title='bbox 707 2782 760 2832; x_wconf 83' lang='lat' dir='ltr'>Sed</span> <span class='ocrx_word' id='word_1_289' title='bbox 797 2779 829 2828; x_wconf 88' lang='lat' dir='ltr'>ad</span> <span class='ocrx_word' id='word_1_290' title='bbox 841 2780 909 2829; x_wconf 86' lang='lat' dir='ltr'>bunc</span> <span class='ocrx_word' id='word_1_291' title='bbox 920 2780 1039 2830; x_wconf 82' lang='lat' dir='ltr'>modum:</span> <span class='ocrx_word' id='word_1_292' title='bbox 1056 2783 1112 2832; x_wconf 83' lang='lat' dir='ltr'>‘Et</span> <span class='ocrx_word' id='word_1_293' title='bbox 1123 2797 1150 2846; x_wconf 85' lang='lat' dir='ltr'>a,</span> <span class='ocrx_word' id='word_1_294' title='bbox 1161 2783 1236 2845; x_wconf 85' lang='lat' dir='ltr'>mita,</span> <span class='ocrx_word' id='word_1_295' title='bbox 1247 2786 1331 2847; x_wconf 84' lang='lat' dir='ltr'>Vena,</span> 
     </span>
     <span class='ocr_line' id='line_1_34' title="bbox 229 2853 1302 2923; baseline 0.009 -22"><span class='ocrx_word' id='word_1_296' title='bbox 229 2853 263 2905; x_wconf 84' lang='lat' dir='ltr'>de</span> <span class='ocrx_word' id='word_1_297' title='bbox 280 2853 319 2902; x_wconf 83' lang='lat' dir='ltr'>ltia</span> <span class='ocrx_word' id='word_1_298' title='bbox 334 2856 408 2917; x_wconf 88' lang='lat' dir='ltr'>plura</span> <span class='ocrx_word' id='word_1_299' title='bbox 430 2855 552 2919; x_wconf 76' lang='lat' dir='ltr'>Budcua,</span> <span class='ocrx_word' id='word_1_300' title='bbox 565 2854 692 2918; x_wconf 78' lang='lat' dir='ltr'>Alriatua,</span> <span class='ocrx_word' id='word_1_301' title='bbox 708 2857 758 2905; x_wconf 87' lang='lat' dir='ltr'>Cn·</span> <span class='ocrx_word' id='word_1_302' title='bbox 798 2856 844 2917; x_wconf 84' lang='lat' dir='ltr'>ria,</span> <span class='ocrx_word' id='word_1_303' title='bbox 858 2870 906 2919; x_wconf 88' lang='lat' dir='ltr'>pro</span> <span class='ocrx_word' id='word_1_304' title='bbox 917 2873 959 2920; x_wconf 90' lang='lat' dir='ltr'>pe,</span> <span class='ocrx_word' id='word_1_305' title='bbox 970 2858 1044 2923; x_wconf 88' lang='lat' dir='ltr'>riter,</span> <span class='ocrx_word' id='word_1_306' title='bbox 1054 2858 1108 2922; x_wconf 89' lang='lat' dir='ltr'>obi,</span> <span class='ocrx_word' id='word_1_307' title='bbox 1120 2857 1159 2909; x_wconf 84' lang='lat' dir='ltr'>it&#39;</span> <span class='ocrx_word' id='word_1_308' title='bbox 1195 2861 1302 2911; x_wconf 63' lang='lat' dir='ltr'>Virdo.</span> 
     </span>
     <span class='ocr_line' id='line_1_35' title="bbox 225 2927 1329 3000; baseline 0.011 -24"><span class='ocrx_word' id='word_1_309' title='bbox 225 2927 323 2991; x_wconf 82' lang='lat' dir='ltr'>jarina,</span> <span class='ocrx_word' id='word_1_310' title='bbox 334 2937 362 2981; x_wconf 87' lang='lat' dir='ltr'>et</span> <span class='ocrx_word' id='word_1_311' title='bbox 373 2931 426 2981; x_wconf 90' lang='lat' dir='ltr'>alii.</span> <span class='ocrx_word' id='word_1_312' title='bbox 458 2932 533 2979; x_wconf 81' lang='lat' dir='ltr'>idem.</span> <span class='ocrx_word' id='word_1_313' title='bbox 830 2934 932 2982; x_wconf 77' lang='lat' dir='ltr'>tCiuia</span> <span class='ocrx_word' id='word_1_314' title='bbox 948 2934 996 2996; x_wconf 73' lang='lat' dir='ltr'>uti]</span> <span class='ocrx_word' id='word_1_315' title='bbox 1023 2935 1079 2985; x_wconf 77' lang='lat' dir='ltr'>Hor</span> <span class='ocrx_word' id='word_1_316' title='bbox 1097 2936 1329 3000; x_wconf 78' lang='lat' dir='ltr'>Pyrrhicbiooalta</span> 
     </span>
     <span class='ocr_line' id='line_1_36' title="bbox 264 3005 1329 3074; baseline 0.01 -23"><span class='ocrx_word' id='word_1_317' title='bbox 264 3006 292 3050; x_wconf 91' lang='lat' dir='ltr'>ll</span> <span class='ocrx_word' id='word_1_318' title='bbox 311 3005 376 3053; x_wconf 81' lang='lat' dir='ltr'>Nam</span> <span class='ocrx_word' id='word_1_319' title='bbox 388 3005 546 3068; x_wconf 70' lang='lat' dir='ltr'>Convertere]</span> <span class='ocrx_word' id='word_1_320' title='bbox 574 3005 758 3069; x_wconf 75' lang='lat' dir='ltr'>Hermogenia·</span> <span class='ocrx_word' id='word_1_321' title='bbox 798 3009 998 3060; x_wconf 84' lang='lat' dir='ltr'>reconcinnato:</span> <span class='ocrx_word' id='word_1_322' title='bbox 1018 3011 1139 3060; x_wconf 75' lang='lat' dir='ltr'>ciuitati</span> <span class='ocrx_word' id='word_1_323' title='bbox 1155 3012 1274 3074; x_wconf 77' lang='lat' dir='ltr'>placidula</span> <span class='ocrx_word' id='word_1_324' title='bbox 1289 3028 1329 3062; x_wconf 82' lang='lat' dir='ltr'>aa·</span> 
     </span>
     <span class='ocr_line' id='line_1_37' title="bbox 228 3078 1328 3150; baseline 0.01 -25"><span class='ocrx_word' id='word_1_325' title='bbox 228 3090 277 3126; x_wconf 86' lang='lat' dir='ltr'>una</span> <span class='ocrx_word' id='word_1_326' title='bbox 288 3078 353 3128; x_wconf 87' lang='lat' dir='ltr'>libro</span> <span class='ocrx_word' id='word_1_327' title='bbox 364 3081 447 3142; x_wconf 89' lang='lat' dir='ltr'>primo</span> <span class='ocrx_word' id='word_1_328' title='bbox 456 3081 622 3145; x_wconf 71' lang='lat' dir='ltr'>Digestorum</span> <span class='ocrx_word' id='word_1_329' title='bbox 633 3083 758 3133; x_wconf 83' lang='lat' dir='ltr'>Jttttinia·</span> <span class='ocrx_word' id='word_1_330' title='bbox 796 3099 852 3148; x_wconf 82' lang='lat' dir='ltr'>peru</span> <span class='ocrx_word' id='word_1_331' title='bbox 862 3085 951 3148; x_wconf 69' lang='lat' dir='ltr'>rigeat,</span> <span class='ocrx_word' id='word_1_332' title='bbox 961 3085 1024 3135; x_wconf 77' lang='lat' dir='ltr'>born</span> <span class='ocrx_word' id='word_1_333' title='bbox 1039 3086 1113 3135; x_wconf 77' lang='lat' dir='ltr'>terite</span> <span class='ocrx_word' id='word_1_334' title='bbox 1130 3087 1242 3150; x_wconf 68' lang='lat' dir='ltr'>celeripes</span> <span class='ocrx_word' id='word_1_335' title='bbox 1257 3090 1328 3138; x_wconf 80' lang='lat' dir='ltr'>edent</span> 
     </span>
     <span class='ocr_line' id='line_1_38' title="bbox 228 3152 1328 3229; baseline 0.013 -29"><span class='ocrx_word' id='word_1_336' title='bbox 228 3152 265 3212; x_wconf 83' lang='lat' dir='ltr'>ni,</span> <span class='ocrx_word' id='word_1_337' title='bbox 278 3153 353 3202; x_wconf 89' lang='lat' dir='ltr'>titulo</span> <span class='ocrx_word' id='word_1_338' title='bbox 370 3154 403 3201; x_wconf 85' lang='lat' dir='ltr'>rle</span> <span class='ocrx_word' id='word_1_339' title='bbox 426 3152 521 3204; x_wconf 85' lang='lat' dir='ltr'>Officio</span> <span class='ocrx_word' id='word_1_340' title='bbox 540 3156 680 3206; x_wconf 80' lang='lat' dir='ltr'>Prteridia:</span> <span class='ocrx_word' id='word_1_341' title='bbox 697 3159 759 3206; x_wconf 79' lang='lat' dir='ltr'>‘Ex</span> <span class='ocrx_word' id='word_1_342' title='bbox 798 3159 881 3209; x_wconf 79' lang='lat' dir='ltr'>Erebi.</span> <span class='ocrx_word' id='word_1_343' title='bbox 904 3161 945 3208; x_wconf 82' lang='lat' dir='ltr'>Ex</span> <span class='ocrx_word' id='word_1_344' title='bbox 956 3168 1073 3210; x_wconf 84' lang='lat' dir='ltr'>veterum</span> <span class='ocrx_word' id='word_1_345' title='bbox 1082 3163 1274 3226; x_wconf 83' lang='lat' dir='ltr'>auperrtltione,</span> <span class='ocrx_word' id='word_1_346' title='bbox 1284 3166 1328 3229; x_wconf 83' lang='lat' dir='ltr'>qni</span> 
     </span>
     <span class='ocr_line' id='line_1_39' title="bbox 229 3226 1329 3301; baseline 0.013 -28"><span class='ocrx_word' id='word_1_347' title='bbox 229 3226 347 3275; x_wconf 77' lang='lat' dir='ltr'>omnibus</span> <span class='ocrx_word' id='word_1_348' title='bbox 364 3228 458 3289; x_wconf 82' lang='lat' dir='ltr'>cauria,</span> <span class='ocrx_word' id='word_1_349' title='bbox 471 3228 506 3276; x_wconf 87' lang='lat' dir='ltr'>de</span> <span class='ocrx_word' id='word_1_350' title='bbox 521 3230 613 3293; x_wconf 85' lang='lat' dir='ltr'>quibua</span> <span class='ocrx_word' id='word_1_351' title='bbox 630 3233 670 3280; x_wconf 85' lang='lat' dir='ltr'>rel</span> <span class='ocrx_word' id='word_1_352' title='bbox 688 3232 759 3281; x_wconf 77' lang='lat' dir='ltr'>Prae·</span> <span class='ocrx_word' id='word_1_353' title='bbox 797 3235 925 3298; x_wconf 87' lang='lat' dir='ltr'>putabant</span> <span class='ocrx_word' id='word_1_354' title='bbox 952 3250 1003 3285; x_wconf 91' lang='lat' dir='ltr'>non</span> <span class='ocrx_word' id='word_1_355' title='bbox 1026 3237 1101 3286; x_wconf 90' lang='lat' dir='ltr'>aliter</span> <span class='ocrx_word' id='word_1_356' title='bbox 1126 3239 1228 3287; x_wconf 86' lang='lat' dir='ltr'>cinerea</span> <span class='ocrx_word' id='word_1_357' title='bbox 1250 3254 1329 3301; x_wconf 73' lang='lat' dir='ltr'>ponae</span> 
     </span>
     <span class='ocr_line' id='line_1_40' title="bbox 229 3298 1328 3374; baseline 0.014 -26"><span class='ocrx_word' id='word_1_358' title='bbox 229 3298 316 3349; x_wconf 79' lang='lat' dir='ltr'>sectum</span> <span class='ocrx_word' id='word_1_359' title='bbox 328 3301 396 3363; x_wconf 88' lang='lat' dir='ltr'>urbi,</span> <span class='ocrx_word' id='word_1_360' title='bbox 406 3303 446 3351; x_wconf 85' lang='lat' dir='ltr'>rel</span> <span class='ocrx_word' id='word_1_361' title='bbox 459 3302 608 3353; x_wconf 79' lang='lat' dir='ltr'>Praefectna</span> <span class='ocrx_word' id='word_1_362' title='bbox 621 3305 759 3368; x_wconf 76' lang='lat' dir='ltr'>Praetorio,</span> <span class='ocrx_word' id='word_1_363' title='bbox 797 3309 942 3373; x_wconf 86' lang='lat' dir='ltr'>qnieacere,</span> <span class='ocrx_word' id='word_1_364' title='bbox 954 3325 1030 3374; x_wconf 88' lang='lat' dir='ltr'>qnam</span> <span class='ocrx_word' id='word_1_365' title='bbox 1048 3313 1069 3361; x_wconf 91' lang='lat' dir='ltr'>ai</span> <span class='ocrx_word' id='word_1_366' title='bbox 1081 3312 1172 3361; x_wconf 89' lang='lat' dir='ltr'>umbra</span> <span class='ocrx_word' id='word_1_367' title='bbox 1186 3313 1220 3362; x_wconf 86' lang='lat' dir='ltr'>ab</span> <span class='ocrx_word' id='word_1_368' title='bbox 1239 3314 1328 3363; x_wconf 84' lang='lat' dir='ltr'>Erebo</span> 
     </span>
     <span class='ocr_line' id='line_1_41' title="bbox 227 3374 1328 3452; baseline 0.014 -27"><span class='ocrx_word' id='word_1_369' title='bbox 227 3374 343 3441; x_wconf 89' lang='lat' dir='ltr'>ltamqoe</span> <span class='ocrx_word' id='word_1_370' title='bbox 353 3378 486 3440; x_wconf 81' lang='lat' dir='ltr'>Conaulea,</span> <span class='ocrx_word' id='word_1_371' title='bbox 498 3386 526 3427; x_wconf 92' lang='lat' dir='ltr'>et</span> <span class='ocrx_word' id='word_1_372' title='bbox 535 3379 677 3440; x_wconf 68' lang='lat' dir='ltr'>Praetores,</span> <span class='ocrx_word' id='word_1_373' title='bbox 690 3389 759 3430; x_wconf 86' lang='lat' dir='ltr'>cete·</span> <span class='ocrx_word' id='word_1_374' title='bbox 798 3399 848 3434; x_wconf 87' lang='lat' dir='ltr'>non</span> <span class='ocrx_word' id='word_1_375' title='bbox 865 3393 1078 3438; x_wconf 82' lang='lat' dir='ltr'>aumnioveretur.</span> <span class='ocrx_word' id='word_1_376' title='bbox 1108 3387 1192 3451; x_wconf 89' lang='lat' dir='ltr'>quue</span> <span class='ocrx_word' id='word_1_377' title='bbox 1206 3395 1269 3438; x_wconf 90' lang='lat' dir='ltr'>tnnc</span> <span class='ocrx_word' id='word_1_378' title='bbox 1280 3406 1328 3452; x_wconf 89' lang='lat' dir='ltr'>pu·</span> 
     </span>
     <span class='ocr_line' id='line_1_42' title="bbox 228 3452 1328 3528; baseline 0.015 -28"><span class='ocrx_word' id='word_1_379' title='bbox 228 3452 303 3516; x_wconf 86' lang='lat' dir='ltr'>rique</span> <span class='ocrx_word' id='word_1_380' title='bbox 324 3453 411 3502; x_wconf 71' lang='lat' dir='ltr'>Rome</span> <span class='ocrx_word' id='word_1_381' title='bbox 434 3465 602 3516; x_wconf 78' lang='lat' dir='ltr'>cognoacunt,</span> <span class='ocrx_word' id='word_1_382' title='bbox 622 3455 758 3506; x_wconf 87' lang='lat' dir='ltr'>Correcto·</span> <span class='ocrx_word' id='word_1_383' title='bbox 798 3461 888 3510; x_wconf 80' lang='lat' dir='ltr'>tebant</span> <span class='ocrx_word' id='word_1_384' title='bbox 899 3463 1028 3526; x_wconf 88' lang='lat' dir='ltr'>accidere,</span> <span class='ocrx_word' id='word_1_385' title='bbox 1040 3478 1097 3512; x_wconf 89' lang='lat' dir='ltr'>cum</span> <span class='ocrx_word' id='word_1_386' title='bbox 1113 3479 1232 3528; x_wconf 86' lang='lat' dir='ltr'>anprama</span> <span class='ocrx_word' id='word_1_387' title='bbox 1242 3468 1328 3517; x_wconf 87' lang='lat' dir='ltr'>omnia</span> 
     </span>
     <span class='ocr_line' id='line_1_43' title="bbox 228 3528 1327 3600; baseline 0.014 -24"><span class='ocrx_word' id='word_1_388' title='bbox 228 3541 293 3587; x_wconf 87' lang='lat' dir='ltr'>rum,</span> <span class='ocrx_word' id='word_1_389' title='bbox 310 3535 339 3577; x_wconf 89' lang='lat' dir='ltr'>at</span> <span class='ocrx_word' id='word_1_390' title='bbox 354 3528 500 3581; x_wconf 72' lang='lat' dir='ltr'>Pieridum</span> <span class='ocrx_word' id='word_1_391' title='bbox 517 3531 704 3593; x_wconf 80' lang='lat' dir='ltr'>provinciarum</span> <span class='ocrx_word' id='word_1_392' title='bbox 718 3539 760 3582; x_wconf 88' lang='lat' dir='ltr'>eat</span> <span class='ocrx_word' id='word_1_393' title='bbox 797 3536 916 3600; x_wconf 84' lang='lat' dir='ltr'>perfecta</span> <span class='ocrx_word' id='word_1_394' title='bbox 932 3544 1015 3588; x_wconf 80' lang='lat' dir='ltr'>erant.</span> <span class='ocrx_word' id='word_1_395' title='bbox 1048 3538 1124 3587; x_wconf 80' lang='lat' dir='ltr'>Dixit</span> <span class='ocrx_word' id='word_1_396' title='bbox 1141 3546 1228 3589; x_wconf 84' lang='lat' dir='ltr'>antem</span> <span class='ocrx_word' id='word_1_397' title='bbox 1240 3542 1248 3568; x_wconf 91' lang='lat'>‘</span> <span class='ocrx_word' id='word_1_398' title='bbox 1260 3541 1327 3591; x_wconf 77' lang='lat' dir='ltr'>cinis</span> 
     </span>
     <span class='ocr_line' id='line_1_44' title="bbox 168 3601 1328 3679; baseline 0.012 -28"><span class='ocrx_word' id='word_1_399' title='bbox 168 3629 179 3651; x_wconf 69' lang='grc' dir='ltr'><strong>ι</strong></span> <span class='ocrx_word' id='word_1_400' title='bbox 228 3601 319 3653; x_wconf 64' lang='lat' dir='ltr'>notio!</span> <span class='ocrx_word' id='word_1_401' title='bbox 361 3604 520 3666; x_wconf 75' lang='lat' dir='ltr'>Papinianus</span> <span class='ocrx_word' id='word_1_402' title='bbox 543 3604 634 3654; x_wconf 85' lang='lat' dir='ltr'>eodem</span> <span class='ocrx_word' id='word_1_403' title='bbox 662 3607 757 3655; x_wconf 87' lang='lat' dir='ltr'>titulo:</span> <span class='ocrx_word' id='word_1_404' title='bbox 796 3612 1328 3679; x_wconf 73' lang='lat' dir='ltr'>aupera&#39;ieminiucgenere,ntCatulina,</span> 
     </span>
     <span class='ocr_line' id='line_1_45' title="bbox 228 3679 1328 3755; baseline 0.013 -27"><span class='ocrx_word' id='word_1_405' title='bbox 228 3679 361 3740; x_wconf 62' lang='lat' dir='ltr'>‘beentur</span> <span class='ocrx_word' id='word_1_406' title='bbox 384 3680 506 3742; x_wconf 67' lang='lat' dir='ltr'>Cetaria,</span> <span class='ocrx_word' id='word_1_407' title='bbox 532 3680 559 3729; x_wconf 93' lang='lat' dir='ltr'>id</span> <span class='ocrx_word' id='word_1_408' title='bbox 587 3687 636 3743; x_wconf 87' lang='lat' dir='ltr'>eat,</span> <span class='ocrx_word' id='word_1_409' title='bbox 657 3682 759 3733; x_wconf 83' lang='lat' dir='ltr'>Praeaet</span> <span class='ocrx_word' id='word_1_410' title='bbox 797 3686 1328 3755; x_wconf 68' lang='lat' dir='ltr'>Cainna,Propertina‚Virgiliuainciti,</span> 
     </span>
     <span class='ocr_line' id='line_1_46' title="bbox 228 3754 1003 3824; baseline 0.013 -21"><span class='ocrx_word' id='word_1_411' title='bbox 228 3754 271 3803; x_wconf 81' lang='lat' dir='ltr'>rei</span> <span class='ocrx_word' id='word_1_412' title='bbox 288 3756 429 3805; x_wconf 78' lang='lat' dir='ltr'>corrector</span> <span class='ocrx_word' id='word_1_413' title='bbox 449 3756 599 3819; x_wconf 71' lang='lat' dir='ltr'>provincie,</span> <span class='ocrx_word' id='word_1_414' title='bbox 616 3758 759 3809; x_wconf 85' lang='lat' dir='ltr'>abdicando</span> <span class='ocrx_word' id='word_1_415' title='bbox 797 3762 850 3812; x_wconf 88' lang='lat' dir='ltr'>alii.</span> <span class='ocrx_word' id='word_1_416' title='bbox 885 3763 1003 3824; x_wconf 72' lang='lat' dir='ltr'>Scaliger.</span> 
     </span>
     <span class='ocr_line' id='line_1_47' title="bbox 228 3832 1327 3904; baseline 0.006 -23"><span class='ocrx_word' id='word_1_417' title='bbox 228 3844 266 3893; x_wconf 83' lang='lat' dir='ltr'>re,</span> <span class='ocrx_word' id='word_1_418' title='bbox 286 3845 337 3881; x_wconf 89' lang='lat' dir='ltr'>non</span> <span class='ocrx_word' id='word_1_419' title='bbox 359 3832 457 3881; x_wconf 88' lang='lat' dir='ltr'>amittit</span> <span class='ocrx_word' id='word_1_420' title='bbox 479 3832 633 3896; x_wconf 87' lang='lat' dir='ltr'>imperium.&#39;</span> <span class='ocrx_word' id='word_1_421' title='bbox 666 3837 759 3885; x_wconf 77' lang='lat' dir='ltr'>Sextus</span> <span class='ocrx_word' id='word_1_422' title='bbox 830 3837 882 3886; x_wconf 85' lang='lat' dir='ltr'>No.</span> <span class='ocrx_word' id='word_1_423' title='bbox 896 3841 951 3886; x_wconf 81' lang='grc'><strong>187.</strong></span> <span class='ocrx_word' id='word_1_424' title='bbox 985 3837 1327 3904; x_wconf 80' lang='lat' dir='ltr'>lidoliu]1dnlintn,oppi·</span> 
     </span>
     <span class='ocr_line' id='line_1_48' title="bbox 230 3905 1327 3978; baseline 0.01 -24"><span class='ocrx_word' id='word_1_425' title='bbox 230 3907 323 3957; x_wconf 83' lang='lat' dir='ltr'>Victor</span> <span class='ocrx_word' id='word_1_426' title='bbox 334 3906 367 3956; x_wconf 89' lang='lat' dir='ltr'>de</span> <span class='ocrx_word' id='word_1_427' title='bbox 379 3905 518 3956; x_wconf 78' lang='lat' dir='ltr'>Aureliano</span> <span class='ocrx_word' id='word_1_428' title='bbox 535 3908 670 3973; x_wconf 68' lang='lat' dir='ltr'>Augusto:</span> <span class='ocrx_word' id='word_1_429' title='bbox 687 3911 759 3962; x_wconf 84' lang='lat' dir='ltr'>‘Hic</span> <span class='ocrx_word' id='word_1_430' title='bbox 797 3912 857 3963; x_wconf 89' lang='lat' dir='ltr'>dum</span> <span class='ocrx_word' id='word_1_431' title='bbox 878 3919 906 3962; x_wconf 87' lang='lat' dir='ltr'>et</span> <span class='ocrx_word' id='word_1_432' title='bbox 927 3927 1015 3962; x_wconf 83' lang='lat' dir='ltr'>nemus</span> <span class='ocrx_word' id='word_1_433' title='bbox 1036 3914 1126 3962; x_wconf 83' lang='lat' dir='ltr'>innuite</span> <span class='ocrx_word' id='word_1_434' title='bbox 1149 3914 1238 3978; x_wconf 73' lang='lat' dir='ltr'>Cypri,</span> <span class='ocrx_word' id='word_1_435' title='bbox 1259 3915 1327 3965; x_wconf 82' lang='lat' dir='ltr'>Dete</span> 
     </span>
     <span class='ocr_line' id='line_1_49' title="bbox 227 3981 1330 4051; baseline 0.01 -21"><span class='ocrx_word' id='word_1_436' title='bbox 227 3981 373 4044; x_wconf 75' lang='lat' dir='ltr'>Tetricum,</span> <span class='ocrx_word' id='word_1_437' title='bbox 383 3983 425 4046; x_wconf 91' lang='lat' dir='ltr'>qui</span> <span class='ocrx_word' id='word_1_438' title='bbox 438 3983 583 4047; x_wconf 84' lang='lat' dir='ltr'>imperator</span> <span class='ocrx_word' id='word_1_439' title='bbox 597 3985 630 4034; x_wconf 87' lang='lat' dir='ltr'>ab</span> <span class='ocrx_word' id='word_1_440' title='bbox 641 3987 758 4036; x_wconf 85' lang='lat' dir='ltr'>exercitu</span> <span class='ocrx_word' id='word_1_441' title='bbox 797 3987 893 4038; x_wconf 87' lang='lat' dir='ltr'>Veneri</span> <span class='ocrx_word' id='word_1_442' title='bbox 913 4002 1022 4037; x_wconf 81' lang='lat' dir='ltr'>accrum.</span> <span class='ocrx_word' id='word_1_443' title='bbox 1058 3988 1134 4037; x_wconf 87' lang='lat' dir='ltr'>Unde</span> <span class='ocrx_word' id='word_1_444' title='bbox 1145 3989 1201 4051; x_wconf 88' lang='lat' dir='ltr'>ipra</span> <span class='ocrx_word' id='word_1_445' title='bbox 1217 3989 1330 4041; x_wconf 86' lang='lat' dir='ltr'>‘Idalia&#39;</span> 
     </span>
     <span class='ocr_line' id='line_1_50' title="bbox 228 4055 1327 4128; baseline 0.013 -24"><span class='ocrx_word' id='word_1_446' title='bbox 228 4055 255 4104; x_wconf 89' lang='lat' dir='ltr'>in</span> <span class='ocrx_word' id='word_1_447' title='bbox 272 4057 365 4107; x_wconf 75' lang='lat' dir='ltr'>Galliis</span> <span class='ocrx_word' id='word_1_448' title='bbox 381 4055 489 4108; x_wconf 81' lang='lat' dir='ltr'>effectur</span> <span class='ocrx_word' id='word_1_449' title='bbox 510 4057 606 4123; x_wconf 82' lang='lat' dir='ltr'>iuerat,</span> <span class='ocrx_word' id='word_1_450' title='bbox 624 4061 758 4111; x_wconf 78' lang='lat' dir='ltr'>correcto·</span> <span class='ocrx_word' id='word_1_451' title='bbox 796 4064 822 4112; x_wconf 88' lang='lat' dir='ltr'>ln</span> <span class='ocrx_word' id='word_1_452' title='bbox 841 4071 959 4114; x_wconf 81' lang='lat' dir='ltr'>extremo</span> <span class='ocrx_word' id='word_1_453' title='bbox 977 4066 1083 4128; x_wconf 86' lang='lat' dir='ltr'>quincto</span> <span class='ocrx_word' id='word_1_454' title='bbox 1100 4064 1235 4114; x_wconf 81' lang='lat' dir='ltr'>AEneldoa:</span> <span class='ocrx_word' id='word_1_455' title='bbox 1256 4067 1327 4118; x_wconf 86' lang='lat' dir='ltr'>aicut</span> 
     </span>
     <span class='ocr_line' id='line_1_51' title="bbox 229 4134 1327 4204; baseline 0.011 -22"><span class='ocrx_word' id='word_1_456' title='bbox 229 4140 284 4182; x_wconf 84' lang='lat' dir='ltr'>tem</span> <span class='ocrx_word' id='word_1_457' title='bbox 312 4134 433 4187; x_wconf 68' lang='lat' dir='ltr'>letanie</span> <span class='ocrx_word' id='word_1_458' title='bbox 461 4136 593 4200; x_wconf 82' lang='lat' dir='ltr'>prouexit,</span> <span class='ocrx_word' id='word_1_459' title='bbox 619 4150 758 4201; x_wconf 71' lang='lat' dir='ltr'>aspergent</span> <span class='ocrx_word' id='word_1_460' title='bbox 796 4138 958 4203; x_wconf 80' lang='lat' dir='ltr'>et‘l’apliia&#39;</span> <span class='ocrx_word' id='word_1_461' title='bbox 975 4140 1327 4204; x_wconf 72' lang='lat' dir='ltr'>aPaplmejurdeminrnla</span> 
     </span>
    </p>
   </div>
   <div class='ocr_carea' id='block_1_5' title="bbox 0 0 1406 4764">
    <p class='ocr_par' dir='ltr' id='par_1_6' title="bbox 0 0 1406 4764">
     <span class='ocr_line' id='line_1_52' title="bbox 0 0 1406 4764; baseline 0 1"><span class='ocrx_word' id='word_1_462' title='bbox 0 0 1406 4764; x_wconf 95' lang='lat' dir='ltr'> </span> 
     </span>
    </p>
   </div>
  </div>
 </body>
</html>
