2804 4764
388 325 543 380 susurrii
567 327 796 379 ousrtsreuu
821 331 1025 382 sorrounu.
1171 320 1257 388 1351

158 463 260 528 tellige,
269 463 329 513 ὁιιιιι
338 469 390 515 ime
400 465 564 528 isdslgmiae,
573 467 691 531 prestita
729 471 845 523 cuicum
865 481 949 537 pater,
960 476 1172 540 astiu'salme,et
1188 494 1258 544 qne·

157 555 366 602 commemorem,
386 549 432 599 out
453 545 623 593 recenseam?
640 545 691 593 liis
727 560 785 596 nam
797 563 829 598 ea
847 553 976 601 moestitia·
986 561 1066 613 esset,
1082 556 1259 619 interrogaret

160 627 207 668 tna
225 617 389 689 indulgentia
409 631 459 669 non
481 619 532 674 siia
552 618 690 685 fuitquam
728 621 805 672 eum!
845 625 982 676 Terentius
1010 630 1037 678 in
1065 639 1125 680 actu
1147 633 1256 695 quincto

157 696 269 746 comitas
286 694 486 752 Antoninorum.
504 697 690 762 Philosophum
728 697 844 749 Eunuchi
856 716 863 749 :
888 703 976 752 ‘Quid
988 712 1030 753 eat
1040 696 1109 768 guod
1121 707 1257 770 trepidae?

156 772 252 833 innuit,
269 785 345 836 quem
361 773 484 835 ‘pienum
502 772 598 823 oiiicii'
616 781 691 825 voest
728 773 811 822 satine
821 775 916 824 salvae?
933 777 1072 829 Dierniiri·’
1093 779 1201 832 vuum.

157 850 327 914 Symmachus
342 849 388 899 lib.
400 862 419 898 r.
442 850 528 912 Epist.
541 864 605 901 xrtr.
616 851 691 915 plura
731 880 737 899 ι
761 849 818 911 §ts
834 850 971 915 Messores,
992 855 1072 916 gaules
1091 856 1195 911 mutos
1213 874 1257 922 ρ.

159 926 277 976 iurenias
297 926 366 990 spuo
387 925 563 989 Capitolinum
581 928 609 976 in
632 928 690 992 eJ'ns
727 923 784 987 litte,
797 939 865 987 quon
877 925 978 985 sorim
988 930 1110 994 conciliat]
1128 932 1166 981 Μ.
1177 935 1257 996 gades

157 1003 230 1052 Vite.
727 1000 842 1062 chritus,
852 1002 1002 1062 sessoriano
1011 1007 1127 1057 meiliot.
1152 1010 1257 1061 Utrnra-
1271 1042 1275 1048 ·

195 1082 261 1139 Quid
271 1083 313 1131 illo
324 1083 453 1146 ouban]
474 1083 574 1135 scribit
584 1084 689 1148 copulo.
727 1090 778 1141 qne
790 1086 900 1142 rectum,
912 1089 940 1131 et
957 1095 1007 1131 nou
1019 1091 1127 1134 rectum.
1159 1087 1210 1135 Sed
1222 1102 1256 1137 ex

155 1159 224 1209 linus
239 1159 368 1208 Romanus
379 1159 519 1221 exercitus,
530 1160 634 1223 cognita
645 1160 690 1210 ad·
727 1159 836 1218 utraqu?
846 1163 944 1206 rectem
953 1172 1028 1208 nnetn
1036 1156 1116 1209 fecto:
1127 1175 1257 1226 msam,

156 1250 233 1285 versa
244 1236 391 1285 valetudine
401 1236 485 1285 Marci
495 1235 618 1287 Antonini
628 1238 689 1287 Pbi·
724 1244 820 1292 ΜΝ
828 1232 908 1294 etde·
916 1233 1030 1297 chritus,
1040 1234 1192 1294 sessoriano
1201 1253 1258 1288 eos·

155 1311 269 1376 looopbi,
297 1312 463 1362 vehomenter
485 1312 609 1375 doluisse,
629 1314 690 1378 quia
726 1307 801 1356 ribot.
835 1307 901 1358 Cum
918 1309 999 1358 muita
1011 1311 1186 1373 congessisset
1196 1328 1256 1364 ano·

156 1387 228 1437 illum
240 1388 316 1437 unico
325 1387 457 1438 mebant.
478 1387 586 1438 Vm,
726 1387 768 1431 tor
780 1382 912 1446 roosbnia,
920 1383 976 1447 jem
988 1383 1114 1449 defessus,
1129 1394 1175 1436 ant
1185 1388 1257 1439 uuila

161 1508 163 1513 ,
191 1463 354 1525 nituisse
372 1462 579 1525 Gnmsieonur]
604 1463 688 1514 Locus
727 1462 860 1524 reperiens
880 1463 1000 1527 amplius,
1025 1477 1103 1514 rinunr
1124 1464 1207 1528 sotir,
1227 1468 1255 1517 iu

155 1539 219 1588 ratis
229 1540 368 1589 obscurus:
386 1547 518 1603 comparat
533 1538 687 1590 Gratianum
725 1549 777 1599 qno
797 1545 857 1587 sunt
876 1537 970 1587 omnia.
1001 1538 1034 1587 Ei
1050 1539 1175 1590 locutioni
1192 1541 1256 1592 nibil

156 1613 314 1664 Germanico
324 1615 421 1664 Caerari
431 1614 479 1678 (de
490 1629 540 1678 quo
552 1614 627 1677 pinta
638 1615 687 1663 Ta·
724 1613 807 1675 magis
817 1627 892 1677 quarn
906 1613 967 1662 tttoo
978 1629 1073 1677 prorsas
1083 1616 1171 1666 aerrit.
1182 1617 1254 1681 qnod

155 1689 238 1754 citus)
249 1697 278 1740 et
288 1689 422 1740 Antonino
439 1689 607 1753 Imperatori,
624 1704 687 1754 quo·
725 1701 783 1737 enm
800 1687 826 1736 in
840 1690 921 1750 goiim
931 1688 1125 1753 degenerssset,
1136 1699 1255 1757 musun-

157 1778 214 1815 rnm
227 1765 368 1828 oredimus
386 1763 465 1814 fuerit
476 1763 614 1828 singularis
626 1779 688 1829 erga
724 1771 851 1824 suerunt;
873 1771 901 1814 et
917 1765 1006 1814 addito
1017 1767 1095 1829 φιὲιι,
1112 1768 1198 1830 ejecto
1208 1785 1255 1819 aea

155 1840 252 1892 milites
262 1848 290 1890 et
301 1842 396 1891 anricus
413 1841 557 1891 hamanitas
567 1841 687 1891 comitas·
725 1839 864 1890 lectionem
875 1854 960 1890 reram
972 1841 1168 1905 interpolarnnt
1195 1845 1254 1896 Aei-

156 1931 217 1982 qne.
249 1918 320 1967 Muie
336 1918 414 1980 igitur
426 1917 619 1980 internuncium
632 1925 688 1967 tex·
724 1915 811 1966 dubus.

155 2000 210 2048 tom
227 1993 413 2056 emendatiore,
431 2001 461 2043 ut
477 2007 564 2057 spero,
581 1992 688 2043 distinc-
756 1991 771 2053 ς
782 1994 815 2040 79
831 1992 909 2041 Flexa
919 1997 996 2043 tomes
1006 1992 1091 2057 poros]
1115 1992 1157 2044 Ari
1169 1994 1255 2046 imita·

155 2067 227 2118 tione
239 2070 405 2132 perspicuum
416 2069 508 2133 magis,
526 2077 554 2119 et
570 2070 686 2135 eliquan-
723 2063 819 2116 tionem
842 2067 920 2117 Plinii
946 2069 974 2117 in
1000 2067 1051 2118 line
1078 2070 1253 2136 Panegyricis

155 2148 210 2193 tum
222 2143 365 2196 faciliorem
378 2143 488 2194 reddidi.
723 2143 732 2171 ‘
743 2143 775 2192 In
787 2141 838 2193 line
852 2144 976 2194 orationis
986 2144 1110 2209 praesides
1120 2149 1253 2199 custodes·

161 2249 164 2252 ·
187 2220 298 2270 steno·
318 2221 440 2272 esuum
460 2223 604 2287 milne]
628 2225 686 2274 bis·
722 2219 1202 2288 qnelmperiiDeoa,egoConauipro
1212 2239 1254 2275 re·

154 2296 214 2346 iim:
229 2298 363 2360 pacatae,
379 2297 405 2347 id
425 2306 474 2360 est,
494 2299 621 2360 miuoere,
641 2299 686 2349 de·
724 2294 772 2344 bns
790 2294 959 2358 immanium
974 2304 1000 2346 te
1021 2299 1164 2363 precipue,
1174 2300 1252 2366 Capi·

157 2373 280 2438 primere,
291 2375 412 2423 leviorem
425 2371 521 2424 facere.
548 2374 600 2424 Ubi
617 2375 685 2425 euin
723 2370 805 2421 toline
816 2372 933 2435 Jupiter,
943 2373 1111 2436 precor,'&c.

155 2451 316 2514 comparatio
333 2457 382 2514 est,
410 2450 447 2500 ibi
469 2465 571 2515 semper
597 2465 685 2502 exem·
754 2448 813 2510 §8⁰
842 2448 1077 2514 mitteguilre]
1108 2452 1206 2503 Panins
1224 2454 1251 2505 in

155 2528 228 2593 plum
250 2528 380 2590 posterius
408 2528 500 2592 prioris
529 2527 685 2592 magnitudi.
722 2522 840 2586 Epislole
849 2523 936 2586 priore
946 2525 977 2572 Ad
989 2526 1143 2578 Corinthio&
1171 2530 1251 2581 VM·

154 2618 215 2653 nem
227 2617 278 2652 nou
295 2603 485 2667 exequerentur
497 2617 634 2666 superasse
645 2603 684 2652 di·
756 2597 865 2661 inolesti]
882 2599 934 2648 Pro
944 2601 1077 2652 isoieeistir
1089 2602 1123 2651 eb
1134 2604 1254 2668 ‘inoleo,'

154 2687 238 2730 estur.
271 2680 322 2729 Sed
335 2680 454 2730 Gratiani
469 2679 614 2742 benigniter
631 2678 683 2730 An·
721 2673 790 2739 quod
802 2689 853 2723 ¹10ss
870 2681 921 2723 ΜΗ]
942 2676 1162 2744 ositrmmqosm
1181 2681 1253 2733 ‘ino-

156 2757 238 2808 tonini
247 2756 287 2805 rei
296 2756 445 2806 Germanici
453 2746 611 2804 humanitate
620 2756 685 2804 mni·
721 2750 809 2812 lesco,'
821 2751 863 2799 bie
874 2749 954 2800 babet
963 2751 1174 2815 significationem
1186 2759 1252 2808 aeti·

154 2834 189 2883 tis
201 2833 317 2897 partibus
328 2832 408 2895 major
416 2830 475 2880 fuit.
722 2843 790 2886 vem,
798 2845 847 2893 pro
858 2831 1013 2895 imposuisti,
1021 2831 1138 2883 indidisti
1149 2851 1155 2881 ι
1172 2849 1250 2898 quum

187 2911 244 2972 §tr
261 2907 342 2958 Sutis'
359 2907 441 2969 solea]
465 2907 508 2956 lta
526 2906 633 2956 Romani
644 2921 684 2956 ao·
720 2905 889 2955 ‘inolescere'
897 2915 1013 2955 neutram
1020 2907 1127 2968 bsbeat,
1135 2922 1182 2970 pro
1191 2923 1251 2959 oon·

155 2985 246 3034 lebent
258 2986 428 3046 interrogare,
440 2981 483 3032 ubi
498 2980 559 3046 quid
571 2983 631 3031 maii
642 2997 685 3032 se·
721 2994 849 3042 creseere,
859 2990 887 3031 et
898 2982 988 3045 augeri
999 2981 1067 3045 apud
1078 2981 1213 3046 Virgilium
1222 2991 1251 3035 et

153 3061 272 3123 cidisset,
284 3070 328 3110 unt
339 3060 466 3110 accidisse
481 3059 594 3122 suspicio
605 3066 684 3122 esset,
722 3059 795 3107 aiios.
813 3059 888 3109 idem.

153 3143 262 3186 arentes
281 3149 445 3199 cognoscere,
462 3135 630 3199 qnoinatatn
643 3148 684 3185 res
753 3134 804 3183 Per
823 3136 924 3183 locorum
945 3134 1082 3199 intervella]
1107 3137 1250 3190 Gratianus

153 3219 249 3262 essent.
266 3213 322 3261 Tit.
343 3213 431 3261 Livius
447 3211 524 3261 libr.
542 3211 575 3260 de
587 3213 683 3261 Luere-
720 3217 777 3259 erat
797 3210 885 3260 Sirmii
905 3211 931 3259 in
953 3210 1096 3275 Pannonia,
1116 3213 1153 3263 uti
1172 3228 1251 3279 supro

154 3289 207 3338 tis:
225 3288 432 3351 ‘Quaerentique
450 3287 515 3348 viro,
533 3287 616 3337 Satin'
635 3288 683 3336 soi·
720 3285 818 3336 dictum
830 3286 888 3351 suit,
901 3288 1003 3352 quando
1014 3290 1151 3340 Consulem
1163 3291 1250 3357 desig·

153 3365 213 3416 rei
230 3364 445 3427 Minime,iuquit.
478 3363 683 3414 Quideninrsei·
720 3364 792 3413 navit
813 3362 967 3426 Ausonium,
988 3364 1117 3416 Ausonius
1140 3379 1202 3418 vero
1223 3369 1249 3418 in

152 3440 179 3490 ri
191 3447 233 3489 est
244 3441 351 3496 mulieri,
362 3440 454 3489 emissa
471 3439 621 3504 pudicitisl'
648 3442 683 3492 Et
721 3440 815 3491 Guiiia.
858 3441 931 3490 Inter
949 3455 1008 3504 qum
1030 3443 1088 3492 loca
1109 3450 1171 3493 suut
1192 3445 1249 3507 pius

152 3516 254 3567 decimo
270 3516 303 3565 de
323 3516 477 3565 Consulibus
495 3515 584 3580 Appio
595 3523 623 3566 et
631 3517 683 3567 Vo-
720 3516 789 3566 mille
809 3525 837 3567 et
859 3518 998 3581 quingente
1018 3519 1148 3581 milliaria,
1165 3526 1193 3567 et
1210 3520 1249 3571 sic

152 3594 275 3654 lnmnio,‘
288 3592 368 3643 Sutiu'
381 3592 477 3654 snlrae,’
493 3593 587 3657 inquit,
599 3594 606 3622 ‘
617 3594 683 3643 ani
721 3593 778 3656 pius
788 3594 952 3657 septuaginta
963 3593 1075 3658 qrrinqne
1084 3595 1182 3643 dierum
1190 3594 1251 3658 iter,

154 3670 294 3718 Volumni?
318 3677 347 3718 ut
358 3683 416 3718 sese
434 3670 459 3719 iu
473 3669 576 3718 Somnio
588 3684 629 3719 res
639 3670 682 3718 ba·
720 3670 800 3734 siquis
823 3671 912 3719 vicena
936 3670 1054 3719 milliaria
1081 3671 1107 3719 iu
1134 3670 1248 3734 singulos

155 3746 236 3795 beuti
263 3746 329 3797 Qum
348 3755 373 3795 te
396 3761 482 3808 censa,
500 3754 528 3795 ut
552 3746 683 3809 provincia
720 3745 775 3796 dies
787 3745 941 3807 dinumeret,
952 3754 981 3794 ιιι
997 3745 1143 3795 Praetorem
1155 3747 1251 3796 Rome·

154 3833 200 3871 tus
212 3822 363 3883 excederes,
372 3821 500 3870 induxiti'
527 3822 561 3870 Et
572 3822 683 3886 qnedre-
719 3834 780 3870 num
797 3819 892 3870 fecisse
903 3820 1014 3870 diximus
1025 3820 1051 3869 in
1068 3821 1207 3884 Epistoiam
1222 3836 1249 3871 v.

152 3900 249 3961 gesimo
260 3899 293 3948 de
304 3898 380 3946 rebus
392 3897 586 3947 Macedonicis:
603 3897 682 3947 ‘Pos-
720 3894 836 3945 Ausonii.
866 3897 942 3948 Quos!
954 3897 1013 3957 iter,
1021 3897 1108 3946 nescio
1121 3903 1184 3958 quot
1194 3896 1249 3943 die·

152 3982 210 4024 tero
224 3974 267 4023 die
279 3974 402 4034 Perseus,
412 3987 489 4037 quum
501 3974 609 4036 numum
623 3986 683 4022 cou·
721 3971 768 4022 bus
781 3969 924 4021 confecerit
939 3971 1085 4033 Gratianus,
1096 3969 1200 4034 quondo
1211 3971 1249 4018 itu

152 4051 274 4100 veniendi
293 4057 408 4112 potestas
425 4049 506 4113 patris
517 4048 574 4111 init,
586 4050 683 4113 regium
720 4048 851 4106 celeriter,
869 4057 896 4094 ut
908 4045 956 4094 boo
968 4046 1024 4094 loco
1033 4045 1097 4095 dicit
1108 4045 1248 4106 Ausonius,

151 4127 293 4190 ingressus,
311 4124 463 4188 perturbato
483 4124 565 4185 vultu,
576 4125 602 4173 in
623 4138 683 4172 eou-
720 4123 746 4171 in
758 4120 871 4170 Gellium
884 4119 1011 4168 recurrit:
1029 4125 1057 4168 ut
1070 4119 1170 4168 initium
1182 4120 1249 4167 Con·

151 4212 245 4268 speetu
259 4203 346 4268 patris,
356 4201 449 4250 tacitus
459 4201 549 4263 procui
559 4199 684 4251 constitit.
720 4194 817 4246 solutus
840 4193 1006 4257 praeceptoris
1033 4194 1085 4258 sui,
1109 4194 1250 4259 presentia
