2804 4764
157 319 243 386 1026
508 336 617 390 norm
642 334 842 384 vaurouuu
866 333 907 384 tra

142 482 162 509 ’⁴
171 482 326 543 Tectosagos
332 477 457 543 paganica
464 477 567 527 nomina
574 474 685 538 Voleas,’
723 489 782 524 meu
801 473 902 525 Arabes
921 481 1024 536 vocent,
1042 487 1129 524 aarum
1146 471 1251 538 quidem

157 555 183 605 id
195 562 244 618 est,
255 570 356 618 pagum.
389 554 474 604 ltemz
492 553 591 602 ‘louitc
601 567 683 616 popu·
722 560 771 611 est,
794 559 822 601 ut
841 566 874 600 ex
896 551 1087 616 quamplurimis
1114 549 1249 613 Hispaniae

156 633 194 682 los
203 641 230 682 et
239 627 482 692 nomenAchsenm,’
495 629 520 677 id
530 635 580 690 est,
589 627 682 677 Acua-
720 625 851 676 fluminum
880 626 1009 676 vocabulis
1030 626 1109 676 etiam
1130 625 1249 674 Arabicae

157 721 195 757 os.
226 706 387 769 loEplrtola
405 705 438 754 ad
456 707 600 754 Theonem:
626 706 683 756 ‘Et
720 702 814 765 liuguae
833 702 917 751 minus
933 701 1086 751 callentibus
1107 701 1251 764 deprehen.

155 784 244 835 villica
255 781 429 844 nominatim:
440 780 525 842 idest,
536 783 623 832 linum.
639 782 681 832 Ad
720 777 783 827 (lere
802 784 851 841 est,
870 777 919 842 (sic
940 778 1120 839 counimur,
1142 777 1204 826 urbs
1222 782 1250 826 et

153 859 307 924 Syagrium:
324 857 394 906 ‘Sed
405 871 456 920 quo
463 864 592 907 nostrates
600 856 682 921 Aqui·
720 853 813 905 tiuvius
825 857 896 920 regui
914 856 1044 914 Toletani,
1056 854 1082 904 id
1095 862 1144 917 est,
1154 854 1250 904 flrrmen

155 935 241 985 tauiea
262 931 383 994 uomina,'
410 932 436 983 iri
457 940 507 993 est,
528 932 682 997 Aquitanos.
720 931 849 994 lapidum:
869 928 1149 992 amarmurmultus
1161 944 1252 991 ureoo·¹

154 1009 288 1060 Paullioua
300 1009 325 1057 in
337 1008 424 1057 citatis
435 1008 467 1057 ab
479 1006 593 1058 Ausonio
605 1010 682 1059 versi·
718 1020 761 1056 sus
784 1021 865 1070 prope
887 1007 1043 1059 Hadritum:
1078 1006 1250 1069 comuntur,

153 1085 219 1135 bus:
237 1086 355 1135 ‘Pellae
375 1083 447 1134 dedit
464 1085 508 1149 qui
525 1085 626 1133 uomina
644 1098 682 1134 re·
719 1082 794 1131 hodie
814 1082 860 1131 llio
879 1082 969 1145 blanco,
982 1082 1080 1132 Urbem
1102 1081 1250 1131 Valentiam

154 1161 233 1226 gum,’
245 1161 270 1210 id
283 1169 332 1222 est,
343 1162 453 1211 Pelloeos
463 1175 546 1225 reges.
721 1158 864 1207 transiens:
892 1157 1044 1216 Gaudentio,
1055 1155 1148 1206 linrius
1159 1159 1249 1220 epulo-

186 1239 427 1300 2AEqnoreurqausr
442 1234 617 1299 preterinis'tar
632 1250 682 1284 nra·
719 1247 785 1291 rum,
803 1233 828 1281 in
852 1233 1044 1289 Estramadura,
1064 1247 1123 1296 quae
1153 1233 1250 1283 veteris

154 1312 203 1375 nis]
229 1312 264 1360 Et
277 1313 325 1361 hoc
336 1311 369 1360 (le
382 1311 484 1375 Hispali
500 1312 593 1374 verius,
604 1324 681 1374 quam
719 1309 827 1358 Baeticae
840 1306 980 1371 parmate.)
990 1322 1040 1357 ooo
1050 1315 1135 1357 tamen
1148 1308 1248 1370 origine

154 1387 187 1436 de
199 1388 323 1437 Emerita.
358 1386 681 1450 NamqueBaetisetAuns
721 1383 860 1434 Arabicum
877 1398 936 1434 esse
958 1382 1108 1434 uocabulum
1128 1382 1158 1431 ri
1177 1383 1248 1432 Gaul

155 1462 256 1514 tametsi
267 1463 352 1526 magni
363 1469 433 1524 suut,
443 1470 470 1511 et
478 1463 504 1512 in
512 1477 600 1527 equor
610 1469 681 1511 uter·
719 1460 877 1519 existimem,
896 1476 984 1510 verum
997 1461 1081 1524 potins
1092 1469 1246 1523 corruptum

154 1553 204 1603 que
225 1546 332 1597 exeunt,
353 1538 380 1587 iu
406 1537 540 1588 Oceanum
561 1538 681 1587 nimirum
720 1536 960 1586 clatiroadum.
995 1538 1033 1585 Ea
1049 1537 1117 1585 euim
1129 1541 1172 1585 est
1187 1536 1247 1586 His·

154 1614 321 1675 Gaditanum,
337 1620 365 1664 et
374 1629 452 1680 quum
467 1613 500 1664 ob
511 1614 572 1675 alia,
583 1621 636 1663 tum
647 1613 681 1663 oli
720 1612 829 1675 punicae,
846 1613 955 1673 italicae,
972 1611 1081 1661 Gallica
1102 1611 1247 1675 lingnarnm

154 1697 255 1752 astum,
271 1690 384 1754 aequorei
403 1697 474 1739 recte
493 1690 544 1739 (lici
562 1697 680 1753 possunt,
720 1690 796 1752 ratio,
806 1697 835 1740 nt
844 1691 946 1739 literam
961 1690 1055 1753 V,quue
1062 1689 1200 1738 Germanis
1207 1696 1248 1739 est

152 1767 220 1818 sicut
231 1767 389 1817 Garumnam
397 1781 466 1816 auam
474 1766 541 1816 dixit
553 1765 681 1816 Ausonius
723 1766 764 1824 W,
774 1780 821 1829 per
833 1767 874 1816 Ge
886 1767 1011 1816 scribant.
1030 1766 1078 1815 Ex.
1090 1779 1128 1826 gr.
1141 1764 1246 1828 Vespa,

154 1857 301 1909 sequoretur
317 1843 344 1892 in
361 1851 479 1893 extremo
500 1843 619 1905 Mosella,
636 1858 681 1907 ap·
723 1843 824 1906 Wespen
834 1843 938 1905 nostris,
951 1843 1054 1906 Guespes
1064 1842 1135 1892 Gall.
1153 1841 1246 1905 Gaerps

154 1919 295 1982 pellatlone
308 1927 394 1969 tamen
413 1919 527 1983 aequorei
544 1919 622 1982 magis
641 1925 681 1970 est
719 1928 745 1967 et
756 1919 829 1983 Vespa
838 1920 938 1970 italice.
951 1920 1009 1981 Va,
1019 1920 1160 1983 Ἠὼς
1171 1919 1245 1982 Hisp.

152 1991 245 2057 dignus
271 1994 355 2042 Baetis
382 1992 416 2042 ad
443 1993 580 2055 Hispalim,
604 2006 681 2057 quam
720 1992 856 2045 Gumiltal.
872 1993 1246 2057 Vugiro,1tnl.Grsnr'rru‚Gall.
1270 2016 1272 2020 ·

152 2066 224 2117 Anas
235 2067 268 2116 ad
280 2069 431 2116 Emeritam.
462 2067 554 2116 Stadia
569 2082 680 2132 namque
719 2068 807 2130 Goiue,
821 2071 929 2134 Hispan.
944 2071 1035 2134 Voyrsu,
1046 2070 1114 2134 quod
1126 2069 1160 2118 ad
1177 2069 1246 2119 Lati·

152 2142 235 2192 mlnua
254 2142 406 2206 quingenta,
433 2158 491 2207 quae
518 2151 579 2193 sunt
600 2145 680 2194 millia
717 2144 915 2195 namseribendi
933 2146 1056 2194 rationem
1076 2144 1246 2206 proximcac·

152 2230 273 2280 passuum
301 2221 435 2282 sexaginta
461 2218 522 2280 duo,
542 2224 569 2268 et
596 2220 677 2271 leuca
717 2220 797 2270 cedit.
830 2221 872 2270 lte
893 2220 1046 2269 uocabulum
1068 2219 1164 2267 Gaerro
1183 2219 1245 2278 Hip,

151 2291 302 2355 Hispanicae
326 2294 482 2357 quindecim,
502 2309 518 2342 a
538 2295 604 2344 mari
632 2311 679 2359 per
716 2291 894 2359 panietltali,
905 2296 1245 2362 Commentationum·

151 2359 256 2419 fluvium
267 2367 341 2418 nbat
350 2368 477 2433 Hispalis,
488 2376 594 2419 auctore
606 2370 678 2422 Stra·
716 2370 863 2421 Teutonum
879 2373 968 2434 lingua
984 2372 1094 2420 mutuati
1104 2380 1182 2432 sunt;
1205 2375 1243 2422 uti

150 2442 218 2493 bone
228 2443 295 2493 libro
312 2447 404 2495 tertioz
429 2460 480 2510 quo
490 2446 575 2509 spatio
586 2461 678 2510 magna
716 2461 749 2497 ex
761 2447 870 2510 Anglico
889 2447 1015 2497 uocabulo
1032 2463 1047 2496 o
1064 2461 1124 2509 soor,
1148 2447 1175 2496 id
1192 2453 1244 2510 est,

152 2519 249 2569 tolerat
268 2521 371 2584 navigia
385 2521 474 2571 Batia.
509 2521 545 2571 At
562 2523 678 2573 Emerita
717 2521 820 2583 bellum,
831 2538 926 2586 pugna,
935 2523 1024 2573 didici.
1042 2523 1126 2574 eram
1139 2523 1244 2587 quidem

151 2594 229 2659 duplo
240 2594 349 2659 triplove
356 2595 443 2645 abeat:
460 2596 678 2647 necinsuoamue
714 2598 828 2662 linguam
846 2599 958 2648 maxima
975 2599 1015 2647 sni
1033 2606 1108 2662 parte
1119 2598 1243 2648 Teutoni·

151 2679 248 2733 praeter
258 2671 351 2719 moenia
362 2686 409 2720 sna
420 2671 492 2722 videt
503 2678 601 2735 aestum,
611 2675 678 2724 sicut
713 2687 770 2721 cam
792 2689 850 2722 esse
871 2688 947 2723 nemo
967 2672 1080 2723 dubitat.
1117 2675 1243 2739 Superest

151 2745 267 2808 Hispalis
279 2747 305 2794 iu
316 2760 371 2795 suo.
392 2747 501 2797 Visetur.
713 2747 785 2797 nobis
797 2749 871 2797 istius
890 2747 1086 2812 significationis
1103 2750 1242 2814 vestigium

156 2856 159 2861 .
182 2821 313 2882 AEquoreus
322 2836 392 2884 quom
406 2822 594 2886 proteriuiitar]
619 2825 677 2874 Nisi
713 2822 739 2870 in
750 2836 815 2871 voce
825 2831 958 2886 rourgeest:
981 2839 1031 2889 quo
1043 2825 1147 2875 nomine
1162 2827 1241 2876 homi-

103 2951 111 2958 ,
149 2896 233 2959 prima
249 2897 275 2947 in
292 2898 360 2948 Anus
377 2900 560 2962 corriperetur,
580 2900 677 2949 scribe·
713 2910 758 2945 nes
768 2898 894 2961 litigiosos
913 2899 1073 2957 denotamus,
1083 2899 1116 2950 ab
1136 2902 1243 2966 antiqno

149 2986 220 3022 rem:
249 2989 294 3036 aeq.
314 2991 384 3037 qaum
403 2977 580 3039 moetmiolitar
599 2978 674 3026 Aaou.
711 2988 813 3036 warren,
832 2975 859 3023 id
878 2981 929 3039 est,
949 2990 1080 3039 pugnare:
1106 2985 1135 3026 et
1146 2978 1242 3032 utimur

150 3047 185 3096 Et
198 3049 240 3096 uix
252 3050 311 3100 milri
322 3051 502 3114 persuaserim,
512 3052 618 3101 uonhoc
625 3051 675 3102 sibi
712 3050 871 3122 etiamnunc
882 3066 913 3100 eo
925 3051 1013 3113 verbo,
1033 3065 1081 3114 pro
1099 3052 1159 3101 lites
1171 3068 1241 3118 qnae·

149 3124 464 3188 permisirreAnsonium;
485 3134 575 3190 utpote
588 3129 675 3191 inquo
711 3139 780 3189 rere,
798 3134 826 3175 et
849 3125 972 3177 affectare
988 3127 1088 3190 jurgia.
1139 3128 1184 3179 Sic
1214 3136 1242 3180 et

146 3198 422 3251 idamuomeneodem
438 3203 513 3251 modo
524 3211 674 3266 corruptum
713 3202 808 3251 Granio
839 3202 916 3266 Hisp.
947 3203 1042 3253 Gnouto
1071 3202 1133 3253 Ital.
1169 3204 1241 3256 Guad

147 3271 238 3336 inerit,
249 3273 274 3322 in
285 3275 410 3337 Epirum
422 3276 619 3338 Paulinum,ubi
632 3292 674 3326 ve·
712 3277 813 3327 Gallice
833 3278 865 3327 ab
887 3286 976 3328 noatro
1000 3279 1097 3340 Worrte,
1115 3279 1171 3328 sire
1187 3281 1240 3331 elii.

147 3349 282 3399 tualiber:
312 3351 467 3407 Emeritensis
486 3353 555 3409 Aac,
574 3355 675 3416 lotaque
710 3353 816 3402 rotineca
839 3355 993 3405 desumtum.
1033 3354 1101 3404 Item
1127 3355 1239 3406 cremo

139 3425 234 3488 fluento
247 3426 389 3476 Garumna:
407 3428 584 3490 prouulgero:
603 3430 673 3479 Eme·
709 3429 894 3479 siveHunrdor
913 3430 1024 3494 Hispan.
1054 3432 1170 3482 Gaorrlor
1186 3432 1240 3483 lta·

146 3502 342 3565 ritoeqacenrres.
375 3503 453 3555 Quod
470 3513 542 3554 recte
553 3505 673 3556 observa·
708 3504 767 3567 lice,
787 3505 883 3554 Gorder
901 3506 970 3555 Gall.
993 3505 1152 3571 abantiquo
1173 3509 1239 3558 ronl-

147 3579 184 3628 uit
202 3579 324 3629 Heinsius
341 3579 367 3628 in
383 3581 435 3630 suis
453 3581 485 3631 ad
501 3583 673 3636 Prudentiori
707 3594 766 3631 m:
784 3583 859 3645 cujus
871 3583 1033 3646 etymologia
1045 3582 1124 3632 index
1135 3591 1177 3632 est
1189 3599 1238 3632 vox

147 3655 235 3704 Notis.
708 3655 852 3720 Hispanico
865 3657 1071 3721 Guorduiosques,
1086 3659 1168 3708 tutela
1187 3659 1237 3722 syl·

177 3730 422 3796 AEquoreus...oursir]
439 3733 672 3800 Annenempe,qui
708 3746 807 3794 varum,
835 3735 1020 3784 a·'l'eutonico
1053 3735 1236 3785 Bosclssoolrsr.

144 3822 213 3859 nnnc
229 3810 351 3874 Hitpanis
374 3809 501 3859 Gaudiano
521 3810 624 3874 dicitur,
645 3811 670 3861 id
708 3809 826 3860 Necnon
839 3812 948 3860 Guiador
960 3811 1036 3874 Hisp.
1049 3811 1157 3862 Guinder
1167 3811 1236 3862 Gall.

144 3893 195 3946 ast,
206 3885 227 3933 ri
239 3885 361 3946 resolvas,
374 3885 464 3933 sadum
478 3884 553 3935 Ante.
576 3886 671 3935 Errare
707 3898 723 3932 a
734 3893 821 3935 nostro
832 3888 936 3949 minden,
946 3886 1197 3950 uaffwiudes,.levare
1207 3889 1235 3937 in

144 3961 240 4024 qnippe
261 3966 315 4009 tum
336 3959 493 4024 scaligerum
516 3967 589 4022 puto,
617 3968 670 4011 tum
707 3963 787 4011 altum
804 3961 920 4022 sonibus,
937 3964 978 4012 vel
998 3979 1048 4027 quo
1067 3965 1118 4014 alio
1140 3966 1235 4015 instra·

143 4042 270 4098 quotquot
287 4034 462 4098 lexicographi
482 4050 571 4085 vocem
589 4037 671 4099 Guud,
707 4038 890 4088 mento.1tem
902 4038 1051 4088 Guisoltal.
1078 4039 1154 4090 Guire
1164 4040 1233 4091 Gali.

143 4109 199 4158 sive
209 4111 304 4173 Gauda,
314 4112 353 4161 rel
366 4112 458 4174 Gauii,
467 4109 605 4161 Arabicam
616 4124 671 4161 crc-
707 4126 723 4159 a
739 4122 827 4162 nostro
839 4114 912 4175 roiise,
924 4114 1012 4164 Germ.
1024 4116 1106 4164 roeirm
1131 4115 1233 4166 caruer-

144 4181 217 4233 siuut.
251 4186 317 4236 Nam
329 4186 397 4251 quod
417 4186 454 4236 ita
472 4186 554 4237 riuum
567 4200 612 4236 seu
623 4185 670 4237 tin·
705 4187 1231 4249 ‹loue‚1tal.GueutosGall.reruuuera·
