2804 4764
135 281 221 347 loto
480 294 586 342 uo'rsr
611 290 810 339 vsnronuu
838 289 876 337 ru

136 438 175 499 tii,
192 443 218 486 et
231 434 283 485 dne
295 434 380 499 quarti
391 434 559 498 Captivitetis
574 432 663 484 Judai-
701 445 752 480 non
771 431 914 493 ignoretur,
926 435 953 478 et
974 429 994 477 si
1011 441 1062 478 non
1083 426 1231 488 verboram,

136 526 183 561 me.
196 511 271 560 Idem.
701 507 738 555 rei
750 507 841 555 saltem
859 508 926 555 ratio
937 511 1049 554 constet.
1082 503 1229 552 Videndum

170 583 349 647 dicendumque]
364 586 445 633 Vetus
464 585 508 633 ille
534 598 663 647 nunquam
701 585 835 647 igitur,an
855 584 904 645 legi
927 582 1150 644 possit,r'rrgenilis
1165 582 1230 641 cajet

136 662 199 709 setis
215 659 334 725 laudatus
351 659 418 707 liber
433 661 508 708 eliam
525 660 662 708 lectionem
694 657 855 717 sailunclrora
865 660 967 719 riguam
991 657 1050 706 Una
1061 663 1163 706 tantum
1175 654 1230 705 t‘ere

135 733 264 798 prefert:
282 735 446 797 Macetumque
461 735 563 782 attollite
572 749 663 783 nomen.
699 734 799 794 littera,
818 732 885 781 etin
909 730 1010 780 affinem
1029 745 1101 779 snam
1118 745 1231 779 commn-

135 814 201 863 Quae
210 816 327 858 reraest.
340 808 407 856 Nam
416 808 663 871 Macetimlllaeedo·
701 815 765 858 tate.
798 810 814 857 1
824 809 947 858 uidelicet
959 823 1006 871 pro
1018 808 1044 856 U
1050 809 1075 856 in
1089 821 1152 857 soce
1161 809 1230 869 gesti·

136 884 186 944 nia,
196 892 225 932 et
241 883 319 932 Mace
355 883 543 942 ,Macedoneu
563 883 662 932 Gellius
700 890 745 934 turs.
779 884 847 933 Nam
859 884 939 933 dictio
950 884 1023 944 eruas,
1043 883 1069 931 io
1088 881 1229 931 dictionem

135 958 180 1007 lib.
191 971 231 1006 rx.
251 972 310 1020 cap.
322 970 364 1006 111.
395 958 504 1008 xseteri
516 958 660 1021 scriptura:
698 975 764 1023 onae,
784 960 861 1011 facile
883 959 1017 1010 transferri
1034 960 1129 1022 potuit,
1145 973 1229 1022 neque

135 1034 288 1096 ‘Philippus
304 1031 425 1096 Amyntae
450 1040 526 1082 terrra
539 1033 661 1082 Macetiae
700 1036 805 1098 additis,
826 1050 910 1099 neque
936 1034 1031 1084 demtis
1053 1035 1160 1094 litteris,
1182 1033 1228 1083 sed

138 1111 204 1171 Rex,
220 1110 294 1172 cujus
304 1108 401 1157 uirtute
411 1108 587 1172 industriaque
603 1110 661 1158 Ma·
698 1110 1004 1174 plusjustocoiiuntibus.
1038 1111 1160 1174 Denique
1169 1110 1228 1162 Jus-

136 1194 212 1247 cette,
233 1184 434 1246 locupletissimo
456 1184 565 1246 imperio
582 1185 661 1247 aucti,
699 1186 768 1236 tinus
784 1187 828 1235 lto.
841 1200 888 1235 xv.
904 1187 930 1234 in
948 1187 1018 1235 hunc
1040 1184 1145 1234 modum
1166 1185 1228 1234 acri·

136 1263 252 1325 gentium
264 1261 449 1324 nationumque
460 1261 596 1309 multarum
614 1276 659 1324 po·
700 1262 755 1311 bit:
772 1262 780 1290 ‘
790 1262 892 1311 Seleuci
900 1268 928 1311 et
939 1261 1021 1310 virtue
1032 1260 1115 1320 clara,
1122 1266 1151 1308 et
1159 1261 1228 1322 origo

136 1338 180 1386 tiri
189 1335 661 1400 coeperant.’Hesycl1ius:Macerioni
697 1336 855 1385 admirabilis
884 1334 942 1385 fult.
985 1335 1118 1399 Siquidem
1144 1342 1228 1383 mater

136 1410 275 1461 unctoria.
309 1411 338 1459 ln
352 1411 658 1474 EpigrammateGrrcco:
698 1412 752 1474 ejus
763 1410 877 1459 Laodice
896 1424 954 1459 curn
972 1417 1055 1472 nupta
1072 1416 1142 1458 esset
1154 1408 1229 1459 nuri·

135 1485 262 1538 ὰΜιυεέτις
272 1501 301 1535 ce
311 1484 405 1534 κέκευθε
414 1484 476 1536 cirre
486 1483 572 1548 τάφον.
583 1487 660 1535 Scali-
698 1487 774 1549 ocho,
789 1486 860 1535 eluro
869 1486 935 1534 inter
947 1483 1063 1548 Philippi
1074 1483 1154 1533 duces
1167 1484 1229 1535 viror

132 1578 186 1624 ger.
699 1562 858 1612 visaestsibi
870 1558 1228 1626 perquieteurexenneubitu

168 1641 196 1686 ll
217 1636 358 1698 Ingenuum]
375 1636 425 1685 Hic
448 1651 536 1685 versus
554 1636 587 1685 ab
605 1637 661 1686 istis
699 1638 828 1700 Apollinis
860 1637 1017 1699 concepisse,
1043 1636 1227 1700 gravidamque

135 1712 307 1773 carnificibus,
325 1719 353 1761 et
374 1712 516 1761 tortoribus
538 1712 660 1761 librorum
699 1713 794 1762 suetam
813 1727 904 1761 munus
915 1712 1068 1761 concubitus
1079 1712 1201 1760 annulum
1212 1725 1228 1758 a

135 1792 206 1838 varie
226 1789 356 1837 cruciatos
376 1787 434 1837 fuit.
466 1788 518 1837 Sed
535 1803 568 1836 ex
585 1789 661 1850 prisci
699 1790 756 1837 Deo
775 1789 953 1851 accepisse,iu
975 1785 1050 1850 enjus
1063 1801 1164 1846 gemma
1183 1801 1226 1835 en·

133 1864 191 1912 libri
204 1864 358 1912 atteteritate
371 1864 408 1913 ita
417 1863 539 1928 legendua
550 1870 603 1912 est:
621 1864 662 1912 ln·
700 1865 778 1913 chora
799 1865 902 1927 sculpta
920 1870 997 1912 esset.
1029 1862 1184 1926 Jussamque
1200 1861 1226 1910 id

131 1936 362 2000 gmuamerpusfuit
373 1938 585 1999 anclnroeignam.
600 1938 661 1986 ‘ln·
699 1939 795 1988 denium
815 1938 877 2001 lilio,
901 1953 978 2002 quens
997 1938 1143 2001 peperisset
1155 1938 1227 1987 dare.

134 2013 364 2077 geuuumsignum'
378 2021 454 2062 vocat
472 2011 594 2074 αὔτυφνές.
612 2013 661 2063 Vel
699 2014 885 2063 Admirabilem
913 2012 978 2062 fecit
1007 2013 1074 2062 hunc
1092 2013 1174 2062 uisum
1199 2021 1227 2062 et

136 2090 232 2151 potius,
244 2095 272 2137 ut
291 2103 324 2135 ex
339 2087 486 2136 Aristotelis
504 2089 613 2151 poeticis
624 2089 662 2138 in·
700 2091 818 2150 annulus,
844 2091 889 2154 qui
917 2096 1022 2152 postera
1039 2088 1082 2137 die
1110 2087 1225 2152 ejusdem

135 2173 320 2228 terpretemur,
341 2167 438 2224 nuntior
459 2163 588 2226 cipporum
629 2166 660 2215 ld
699 2167 838 2228 scalpturae
858 2166 882 2214 lu
901 2166 969 2214 lecto
987 2165 1107 2214 inventus
1127 2172 1179 2227 est,
1200 2172 1228 2214 et

134 2240 202 2289 enim
221 2240 298 2299 solet,
318 2240 491 2301 ‘ingenuum'
525 2242 561 2291 Ut
578 2242 660 2290 alibi:
698 2242 782 2306 figura
797 2244 927 2305 anchorae,
941 2257 999 2307 quae
1021 2243 1046 2291 in
1066 2240 1163 2290 femore
1181 2242 1227 2292 Se·

136 2315 661 2379 ‘Usquesubingenuissgitataefentilrus
699 2318 765 2367 leuci
795 2325 857 2373 unta
880 2333 936 2367 cum
960 2319 1017 2380 ipen
1040 2317 1147 2379 paruulo
1167 2317 1226 2367 t'uit.

135 2391 229 2441 undae!
260 2389 535 2452 ‘Ingenuosfontes'
554 2391 609 2440 reis
628 2391 662 2452 uit
699 2392 870 2443 Quamobrem
893 2392 1007 2441 Laodice
1033 2392 1154 2440 annulum
1180 2395 1226 2441 Se·

133 2463 316 2529 xrrpormlrevr.
350 2466 417 2514 Nam
435 2467 604 2529 ‘ingenium'
620 2476 661 2518 est
699 2469 774 2518 leuco
790 2470 863 2518 eunti
881 2483 939 2518 eum
962 2468 1108 2517 Alexandro
1126 2470 1225 2532 Magno

133 2550 226 2590 natura
244 2541 309 2603 ipsa.
344 2541 449 2589 Naevius
476 2542 502 2590 in
521 2544 660 2607 Lycurgo:
698 2546 729 2594 sd
752 2546 884 2594 Persicam
917 2545 1044 2606 militiam,
1073 2545 1167 2594 edocto
1190 2544 1225 2594 de

132 2618 194 2667 ‘lte
215 2623 276 2666 actu
295 2617 321 2665 io
344 2614 500 2666 frondiferos
523 2619 603 2680 lucos,
617 2619 660 2667 ubi
698 2621 796 2683 origine
819 2636 873 2682 erra,
890 2620 973 2670 dedit.
1005 2620 1056 2668 Utri
1078 2626 1137 2682 post
1159 2634 1225 2669 rnor-

134 2692 240 2754 lngenio
260 2690 365 2739 arbusta
382 2696 445 2738 nata
459 2700 529 2754 sunt,
547 2707 597 2741 nen
615 2692 659 2741 ob·
697 2703 749 2746 tern
767 2695 906 2745 Alexandri
922 2702 1051 2759 occupato
1069 2709 1149 2758 regno
1168 2695 1226 2744 Orl-

132 2767 199 2818 sita!
227 2765 660 2839 idest,nbisuntingenuaarlrurs·
697 2771 764 2820 entis
790 2770 880 2819 urbem
901 2770 1026 2819 condidit.
1071 2768 1163 2833 Ibique
1185 2782 1226 2830 qe·

134 2852 171 2902 ta,
183 2855 233 2889 noo
245 2855 331 2901 manu,
343 2849 387 2891 eut
407 2847 464 2891 arte
484 2851 550 2892 sata.
584 2843 659 2894 Quod
696 2847 773 2896 minae
785 2845 1225 2908 originisruemoriamconsecravit.

132 2918 186 2966 ait:
215 2917 324 2968 ‘Qualis
355 2918 441 2967 inusta
469 2919 535 2967 solet
558 2921 659 2981 generis
697 2923 764 2971 Nam
775 2922 899 2970 eturlrem
911 2935 943 2969 ex
955 2919 1076 2970 Antiochi
1087 2920 1167 2983 patris
1179 2936 1223 2971 ne·

132 2997 194 3040 nota
209 2990 299 3054 certa,’
315 2991 436 3061 intelligit
448 2992 481 3040 de
498 2993 566 3042 netis
581 3008 659 3057 pecu·
696 2998 775 3058 mine,
796 2997 959 3047 Antiochiam
978 2996 1089 3055 vocavit,
1107 3003 1136 3044 et
1153 3010 1224 3046 esm-

132 3069 202 3118 dum.
236 3069 329 3133 Virgil.
361 3071 658 3135 ‘Continuoqnenotas,
696 3073 855 3137 perviciuos
874 3070 932 3120 urbi
952 3070 1065 3134 Apollini
1082 3070 1225 3122 dedicavit.

131 3151 159 3193 nt
170 3143 272 3193 nomina
282 3145 366 3206 gentis
378 3146 498 3199 lnurnut!
526 3149 591 3196 Vide
600 3163 658 3212 qnae
696 3149 812 3213 Originis
821 3149 875 3211 ejus
886 3154 1062 3210 argumentum
1075 3148 1154 3195 etiarn
1167 3162 1223 3211 poa·

131 3220 191 3269 olim
228 3219 254 3267 in
290 3219 470 3282 Coojeetaneis
507 3223 659 3274 notavimus.
695 3225 759 3274 teris
784 3224 887 3273 mansit.
918 3220 1050 3285 Siquidem
1072 3221 1128 3284 tilii,
1145 3237 1223 3287 nepo·

132 3296 207 3344 Idem.
695 3307 784 3362 tesque
801 3299 857 3361 ejus
869 3298 1004 3346 anchoram
1017 3297 1042 3345 in
1054 3296 1162 3359 femore,
1179 3314 1222 3347 ve·

164 3370 418 3431 lngeaitusooussnit
437 3371 538 3419 anchore
553 3372 658 3436 mam]
695 3375 742 3425 luti
754 3380 840 3423 notam
860 3373 961 3435 generis
983 3373 1125 3421 naturalem
1142 3374 1222 3422 habu-

131 3447 309 3509 Proeterqnam
322 3446 390 3510 quod
402 3447 486 3495 nullus
501 3448 657 3513 intellectus,
695 3456 758 3502 ere!
791 3450 927 3499 Hactenus
943 3449 997 3500 ille.
1020 3449 1085 3500 Quae
1098 3463 1128 3497 eo
1140 3450 1222 3499 liben-

129 3521 393 3584 syllabarumquoque
410 3535 531 3571 uumerus
547 3537 657 3587 conque·
693 3531 744 3579 tius
760 3527 810 3576 huc
828 3525 1013 3586 transtulimus,
1023 3524 1092 3588 qnod
1104 3525 1142 3574 nis
1154 3541 1221 3589 μη.

130 3599 205 3648 ritur.
238 3597 298 3647 Fuit
315 3612 377 3660 erge
396 3599 498 3661 quando
522 3601 592 3648 sarie
609 3614 657 3664 pro
694 3606 780 3667 cipue,
790 3615 848 3665 quae
859 3600 995 3648 norissima
1012 3605 1082 3660 sient,
1102 3601 1222 3651 emenda·

131 3682 210 3738 capto
220 3673 318 3735 ingenii
327 3674 503 3736 corrigendum
513 3677 658 3740 suspicare·
694 3680 731 3729 tin
741 3685 826 3727 nostra
834 3676 987 3725 continetur.
1002 3675 1139 3724 Aecarairrs.

128 3766 195 3802 mur.
227 3749 354 3812 Eqnibns
372 3757 457 3799 tanuen
477 3752 594 3802 omnibus
609 3753 657 3803 hoc
724 3756 854 3815 Ingentem
864 3751 942 3813 emar]
967 3751 1088 3814 Baptista
1105 3753 1170 3801 Pius
1186 3753 1221 3804 le·

129 3847 206 3881 unuin
225 3836 324 3880 tantum
342 3828 467 3893 judicium
490 3828 583 3880 afferre
606 3845 656 3880 non
693 3833 740 3896 pit,
767 3830 892 3890 ingenitas
921 3843 1009 3877 acum.
1043 3829 1220 3892 Mariangelus

128 3908 221 3971 piguit,
232 3906 295 3956 nihil
310 3907 483 3968 immutantes,
501 3921 531 3955 ac
546 3907 589 3956 vix
607 3908 656 3957 nti·
694 3906 973 3968 Aecursius‚irrgesitis
985 3905 1058 3965 udas.
1090 3905 1165 3955 Alii:
1183 3908 1220 3955 ie·

128 3998 178 4046 que
195 3983 372 4033 admonentes.
405 3983 443 4031 Ut
463 3982 524 4031 dum
543 3983 586 4031 alii
605 3982 654 4032 fer·
689 3982 878 4046 genitemcujos.
909 3981 1047 4029 Salmasius
1059 3980 1092 4028 ad
1102 3980 1218 4030 Solinum

129 4066 197 4108 tasse
222 4077 254 4110 ex
276 4062 340 4110 Mes.
364 4057 446 4109 codd.
475 4060 587 4108 certiora
611 4059 654 4109 de·
692 4074 750 4109 eom
762 4058 892 4121 scaligero
903 4054 974 4105 facit.
988 4056 1107 4105 Solinus:
1125 4056 1218 4105 ‘Mons

129 4132 223 4199 derint,
231 4137 337 4187 historia
347 4135 424 4202 (licet
434 4132 527 4186 tabulae
539 4135 656 4200 propior)
691 4135 801 4197 ingenuo
814 4134 873 4196 igne
886 4146 933 4194 per
945 4139 1069 4182 aeternum
1086 4132 1219 4185 ler·vidus.'
