2804 4764
228 283 313 346 1000
569 297 677 346 uara
701 297 900 347 vautouuu
926 299 965 347 su

228 454 267 502 so,
289 440 345 490 sinu
368 439 530 490 Corinthiaco
551 439 688 503 dirempta.
722 440 753 488 lu
792 439 866 490 ldsrs.

228 532 259 565 ea
276 523 317 566 est
336 515 396 565 urbs
407 516 527 578 mapsa:
553 530 637 579 aqua
653 520 753 578 partem
822 514 962 578 tantm]
986 515 1041 564 Pro
1060 515 1216 581 hirtiadae,
1234 518 1317 571 Ulixis

226 592 328 642 AEtolise
340 592 456 655 appellat
468 593 476 619 ‘
489 590 664 640 Pleuroniam’
681 591 754 640 Stra·
791 588 895 640 Ladrtte
906 589 960 640 filii.
975 591 1051 640 ram.

226 667 260 718 bo
274 669 292 717 1.
305 667 388 717 maed
401 668 460 716 olim
479 666 607 730 quendam
624 666 753 730 Pelopon·
824 666 876 715 Nu.
909 668 957 715 ssu
998 665 1133 730 Deiphobo]
1167 669 1317 733 Deipbohm

227 743 283 792 uesi
296 756 381 804 regem
393 739 473 790 fuisse
490 742 753 804 Pleuronemmeda,
791 755 855 789 unus
876 755 909 790 ex
931 740 1127 804 quinquagenis,
1152 744 1318 812 pluribusque

228 834 286 884 qua
303 818 426 880 Castoris,
446 818 570 880 Pollucis,
587 825 616 868 et
638 819 753 869 Helenes
790 816 887 866 Priami
906 817 975 880 regis
992 816 1101 881 Trojani
1121 818 1223 882 liberis,
1242 821 1318 872 ilele·

226 893 753 957 materfuit,proavum,auctoremlrabeo
789 893 1319 956 nam,Paridemortnomxoremduxerat.

228 970 395 1020 Pausaniam:
414 971 654 1034 quimentoretejas
666 970 752 1021 nobile
791 969 929 1034 litemque
939 976 1016 1020 noete
1035 968 1085 1020 l'nit
1104 979 1211 1036 raptura
1231 974 1319 1037 Illam,

227 1053 428 1106 monumentum,
443 1047 468 1094 iu
481 1046 628 1096 Laconicis:
645 1053 673 1096 et
684 1046 752 1095 isaa-
790 1046 911 1095 Menelao
922 1045 992 1095 iores
1008 1047 1121 1110 aperuit,
1136 1048 1180 1112 qui
1191 1047 1319 1098 dormies·

228 1137 273 1172 eus
288 1123 396 1170 Tsetses
408 1121 497 1171 urbem
508 1120 586 1171 l'oisse
600 1124 751 1171 Pleurouem
790 1128 843 1172 tem
853 1121 1014 1186 Deiphobum
1025 1122 1052 1171 iu
1063 1123 1131 1173 lecto
1139 1123 1247 1174 occidit.
1274 1125 1319 1175 Sic

227 1196 335 1247 scribit:
361 1197 429 1245 unde
450 1197 601 1260 Lycopbrou
626 1198 752 1247 Helenam
790 1198 916 1261 Virgilius
926 1204 1001 1248 sexto
1011 1197 1140 1260 AEneidos,
1150 1205 1180 1248 et
1191 1198 1320 1263 Hyginus.

228 1279 303 1323 vocet
322 1273 523 1334 ‘Pleuroniam,'
534 1288 610 1338 quam
625 1274 753 1323 Homerus
791 1271 828 1323 a:
839 1273 968 1325 Quinctus
988 1273 1100 1323 Calaber
1118 1274 1185 1324 libro
1197 1276 1320 1326 tertiode-

227 1347 341 1412 Ἀργείαν,
352 1349 400 1398 hoc
408 1357 457 1411 est,
469 1349 591 1413 Argiuam
601 1351 755 1415 appellarat.
792 1348 868 1411 cimo,
888 1349 1008 1398 Menelao
1035 1346 1150 1400 effractis
1175 1349 1273 1401 foribus
1293 1352 1319 1402 in

228 1425 303 1475 lm.
792 1423 922 1487 Deiphobi
940 1424 1078 1473 thalamum
1097 1425 1222 1488 ingresso,
1239 1426 1319 1477 Hele.

262 1502 381 1551 Nom.
415 1502 543 1564 lGauea]
569 1502 689 1552 Greoum
706 1502 754 1551 hoc
792 1514 850 1550 nam
862 1501 984 1551 celeriter
1002 1516 1017 1550 e
1035 1501 1118 1564 thoro,
1129 1501 1174 1551 ubi
1192 1516 1252 1552 eum
1265 1504 1320 1554 siro

229 1584 302 1628 extat
314 1577 469 1640 epitaphium
479 1579 504 1625 in
517 1577 672 1640 Autbologia
683 1578 754 1626 Heu·
793 1575 943 1639 dormiebat,
960 1576 1104 1638 desiluisse,
1115 1577 1213 1642 fugisse
1222 1578 1249 1628 iu
1261 1579 1321 1630 inti·

229 1654 276 1702 rici
288 1654 430 1717 Stephani:
453 1652 507 1700 ’hal
526 1652 632 1702 romine.
649 1654 754 1713 thauri
791 1667 847 1702 nias
856 1652 935 1715 edes,
943 1667 973 1702 ac
982 1651 1017 1701 lbl
1024 1667 1053 1703 se
1060 1655 1223 1704 occultasse:
1235 1669 1321 1719 quam,

228 1728 271 1791 μὲν
280 1730 376 1786 roseius
386 1730 447 1793 ὁρᾷς·
462 1729 532 1791 Ψυχὴ
541 1728 567 1778 dl
578 1728 686 1779 θανόντος
694 1728 755 1794 ’sip’
791 1729 878 1778 occiso
904 1729 1050 1794 Deiphobo,
1075 1730 1211 1793 quaesitam
1230 1731 1321 1782 iuven·

230 1805 394 1870 scoppheim·
407 1806 668 1871 abpatiaetrmtxu.
700 1808 754 1858 Gu-
793 1811 896 1868 tamque
915 1805 1050 1854 Menelaus
1069 1805 1149 1854 etiam
1164 1806 1320 1870 jugulasset,

230 1898 306 1933 neum
317 1883 350 1932 ad
368 1885 471 1948 'frojam
489 1900 522 1934 ax
539 1887 630 1950 Cypho
648 1886 754 1936 civitam
790 1880 840 1929 uisi
860 1879 1005 1931 obstitisset
1018 1879 1099 1930 inter
1115 1894 1162 1930 rea
1182 1881 1320 1946 Agamem·

230 1959 366 2007 Thessaliae
378 1960 470 2022 vlginti
482 1959 546 2009 duas
554 1975 632 2010 naves
641 1960 755 2021 duxisse,
792 1970 852 2007 stou.
872 1957 978 2007 Vistetsts.

229 2035 319 2084 scribit
340 2035 469 2084 Homerus
490 2036 516 2083 hi
538 2036 656 2085 Boeotia:
683 2043 711 2085 et
729 2038 755 2085 iu
826 2033 984 2083 lScelerstoe
999 2033 1089 2093 froude
1109 2033 1230 2098 home]
1255 2035 1320 2086 Dei·

231 2107 347 2159 African:
359 2117 419 2172 post
436 2119 540 2172 captum
559 2111 635 2160 lliuru
656 2113 755 2161 venisse
793 2107 890 2171 phobus
901 2109 970 2171 apud
979 2109 1167 2173 virgthnmex
1178 2125 1229 2175 quo
1239 2111 1320 2175 ipsius

231 2184 393 2247 lsyoopbron,
407 2199 481 2234 versu
492 2186 703 2255 octingentesimo
714 2201 757 2236 no·
793 2183 952 2248 epitaphium
971 2183 1070 2234 effinxit
1086 2183 1228 2236 Ausonius:
1246 2186 1321 2237 ‘Sao

231 2261 361 2325 nogesimo
372 2262 482 2324 septimo
493 2260 659 2311 Alexandro.
687 2263 757 2312 Viae·
793 2273 835 2308 sue
850 2259 907 2310 iata
924 2275 990 2324 mea,
1008 2267 1037 2310 et
1053 2262 1137 2311 scelus
1153 2262 1260 2312 exitiale
1272 2262 1321 2312 La·

229 2342 277 2386 tas.
768 2328 771 2335 '
796 2348 887 2396 cene,
899 2335 948 2384 llis
958 2351 1070 2386 memore
1080 2336 1170 2388 malis!
1186 2339 1262 2388 Iden.

265 2413 313 2461 No.
335 2415 391 2460 220.
426 2411 553 2475 lFotole]
579 2412 684 2462 Achivis
705 2411 757 2464 tait
826 2416 892 2464 sut
909 2415 1040 2476 defamata
1057 2415 1163 2479 corpore]
1195 2416 1321 2480 virgiliae

231 2501 390 2552 responsum,
409 2487 493 2551 iuquit
511 2487 638 2550 Hyginus,
649 2488 692 2552 qui
704 2489 756 2552 pri·
793 2490 869 2540 blara
888 2491 921 2539 de
937 2490 1019 2540 AEnea
1035 2490 1105 2555 apud
1122 2489 1230 2552 lut'eroa,
1245 2500 1321 2542 sexto

229 2579 285 2614 mus
313 2565 402 2612 littora
428 2563 594 2625 Trojanorum
622 2563 757 2627 attigisset,
792 2564 928 2614 AEneidos:
947 2565 1054 2630 ‘Atque
1071 2567 1113 2616 hic
1124 2567 1272 2617 Priamiden
1285 2569 1321 2619 la·

228 2641 381 2704 periturum.
426 2640 511 2690 ersuu
543 2636 636 2687 Achivi
661 2640 755 2688 classes
792 2642 889 2689 uiatutu
909 2655 1019 2704 corpore
1036 2649 1092 2692 toto
1109 2643 1271 2706 Deiphobum
1283 2645 1321 2693 si·

228 2717 423 2781 applicuissent,
446 2714 540 2763 ceteris
566 2714 756 2776 cunctantibus,
791 2715 840 2776 dit,
851 2716 963 2764 lacerum
973 2715 1179 2780 crudeliterors,
1189 2717 1254 2779 Ora,
1267 2733 1319 2767 sua·

230 2792 317 2841 lolaus
333 2790 424 2854 Iphicli
437 2799 462 2839 et
479 2789 629 2839 Diomedeae
648 2789 755 2854 (Astyo
791 2803 889 2852 uusque
900 2790 996 2852 ambas,
1011 2790 1185 2855 populataque
1202 2798 1321 2856 tempora

229 2869 289 2917 ches
302 2865 370 2929 apud
381 2863 554 2928 Eustathium)
573 2865 648 2927 tilius,
659 2865 754 2928 primus
792 2867 873 2927 raptis
893 2864 1016 2921 Auribus.
1027 2872 1054 2914 et
1071 2872 1174 2915 truncas
1185 2866 1319 2918 inhonesto

229 2944 321 2992 enati
342 2943 486 3007 prosilivit:
515 2941 558 3006 qul
581 2940 614 2990 ab
637 2940 754 2989 Hectore
792 2939 1002 2990 retineremus)
1018 2941 1092 2990 idest.

228 3017 362 3068 confestim
371 3025 411 3068 est
422 3017 666 3080 interfectua‚quenr
678 3029 753 3064 cunc·
823 3018 838 3063 8
857 3016 913 3064 Non
930 3015 1001 3063 lroleo
1020 3015 1145 3078 tesnalsss]
1171 3016 1266 3067 AEneas
1286 3017 1319 3068 ad

228 3093 617 3159 tiappellarontnponeoluoor:
635 3092 753 3156 quoniam
790 3092 900 3140 eundern
932 3091 1113 3154 Deiphobum:
1136 3092 1221 3141 ‘Mihi
1248 3091 1318 3143 lama

230 3171 327 3234 primus
354 3185 387 3219 er
410 3171 526 3218 omnihus
554 3168 676 3232 perierat.
710 3167 754 3216 Sic
790 3181 911 3228 supreme
924 3168 1008 3216 Nocte
1020 3168 1081 3216 tulit
1094 3166 1189 3216 susum
1202 3175 1274 3217 vasta
1290 3175 1318 3217 te

227 3246 345 3311 Hyginus
357 3254 417 3309 post
427 3243 681 3308 montemsarculum
692 3252 753 3294 aute
791 3242 864 3291 oaede
886 3242 1024 3305 Pelasgum
1045 3242 1221 3292 Procubuisse
1238 3257 1319 3307 super

228 3328 345 3382 mortem,
362 3321 395 3370 ab
414 3319 574 3369 incunabulis
583 3319 693 3379 scilicet,
710 3333 754 3369 uo·
791 3316 904 3366 coufosae
914 3319 1007 3380 stragis
1017 3331 1146 3367 acervum.
1177 3320 1319 3385 'l'uucego-

227 3411 285 3446 men
297 3397 437 3446 Protesilai
448 3397 506 3445 huic
517 3394 664 3458 impositum
674 3392 754 3445 fuisse
790 3400 844 3441 met
856 3393 979 3441 tumulum
1000 3392 1110 3443 Rhoeteo
1128 3394 1154 3442 iu
1164 3394 1254 3445 littore
1266 3395 1320 3445 ius·

228 3470 327 3521 scribit.
349 3471 454 3521 Vinctus.
791 3481 849 3516 netu
861 3468 1003 3519 Constitui:
1020 3476 1047 3519 et
1058 3483 1148 3533 magm
1166 3471 1258 3520 Manes
1277 3479 1319 3521 ter

260 3549 275 3594 8
292 3545 384 3595 Audaci
393 3544 469 3608 solta]
486 3545 512 3595 Is
528 3545 594 3593 ritus
602 3542 651 3594 suit
663 3547 753 3609 appel·
791 3557 855 3592 voce
867 3544 965 3594 vocati.
1000 3544 1100 3594 Nomen
1111 3552 1140 3594 ct
1150 3559 1222 3594 arma
1234 3547 1318 3597 locum

226 3620 340 3671 lentibus
351 3621 383 3670 ad
398 3628 494 3670 terram
507 3621 676 3685 peregrinam,
688 3635 753 3684 pru·
790 3618 912 3667 servent!
944 3619 1039 3668 Scribit
1059 3628 1144 3669 autem
1169 3620 1318 3670 Eustathius

228 3699 317 3748 sertim
329 3699 458 3759 hostilem,
469 3705 498 3746 ut
514 3697 582 3746 saltu
592 3710 619 3744 se
629 3710 644 3744 e
655 3696 714 3744 uati
726 3697 751 3745 iu
790 3695 817 3743 in
825 3694 1002 3743 duodecimum
1012 3693 1118 3755 iliados,
1126 3692 1254 3745 fabulatos
1262 3710 1320 3745 esse

226 3788 282 3823 eam
295 3773 478 3823 demitterent:
504 3771 614 3821 Ovidius
624 3785 642 3820 s.
655 3773 752 3821 Fastor.
790 3775 901 3828 veteres,
913 3783 945 3817 ex
955 3768 1058 3831 abjecto
1068 3768 1199 3831 Deiphobi
1209 3784 1319 3834 corpore

224 3866 263 3901 ss.
280 3855 337 3900 007.
364 3849 481 3900 Justinus
499 3848 531 3896 de
546 3847 693 3896 Alexandro
713 3847 751 3898 Μ.
789 3845 921 3907 insepulto
941 3853 1042 3893 enatam
1058 3843 1138 3895 fuisse
1156 3846 1261 3895 herbam
1272 3861 1318 3895 no·

224 3927 363 3977 Suetonius
376 3926 408 3974 de
419 3924 489 3975 Julio
500 3925 680 3985 Cessare,cap.
693 3926 733 3972 59.
789 3921 858 3971 ruine
885 3919 1017 3983 ὰκέφαλονι
1051 3935 1108 3983 quse
1131 3920 1164 3969 ad
1186 3922 1317 3971 lucernam

257 4007 272 4050 t
292 4000 402 4063 Peltoct's]
426 4000 480 4048 Per
496 3998 633 4048 blanditias
654 3998 750 4061 decipi·
788 3999 866 4060 lecta,
878 4007 905 4047 et
925 4013 983 4047 cum
1003 4011 1069 4061 aqua
1087 3996 1155 4060 date,
1174 3997 1319 4061 splenitlcis

226 4077 305 4138 entis,
324 4078 408 4141 inquit
423 4075 527 4124 Servius
548 4075 575 4122 in
592 4073 698 4122 secundi
711 4075 750 4122 lE·
789 4075 879 4138 prosit.
897 4074 971 4122 Idem.

222 4151 423 4203 ueidosversum
440 4152 640 4216 nonagesimam.
668 4151 748 4199 ‘Pst-
820 4149 871 4200 No.
890 4153 948 4199 2³1.
982 4148 1128 4199 lHectorio
1145 4149 1183 4198 lu'e
1202 4148 1316 4213 taurulus]

222 4226 314 4276 licere¹
334 4231 400 4279 enim
419 4236 459 4280 est
477 4228 633 4280 blandiendo
643 4228 747 4280 elicere.
786 4225 871 4290 liujus
892 4225 1050 4289 supervitas
1070 4224 1218 4276 meritorum
1240 4228 1312 4278 testi·
