2804 4764
155 298 240 364 119⁶
497 310 604 361 uouu
628 307 828 359 usurouuu
854 309 893 356 ru

155 455 245 517 gilsnt,
259 467 291 503 ex
310 453 441 504 Mercurio
460 455 567 503 sthrs
584 452 680 508 Nside,
717 451 808 502 rirltre
828 450 921 515 prioris
941 448 1025 513 adjuti
1045 447 1250 499 inerinthonss·

155 545 211 594 qum
222 537 298 580 nutes
309 530 441 593 geminate
457 528 681 593 syllubunoruins·
718 533 782 591 tsts,
799 527 825 576 in
838 528 928 576 Leues
943 525 1075 575 dumorum
1095 524 1249 591 urbiumque

152 614 235 668 retur,
245 606 328 669 geniti
338 605 464 654 seruntur.
481 603 561 654 Ouid.
575 617 607 652 ιι.
619 604 682 652 Fes-
717 610 865 654 vertuntur.
893 602 920 650 Si
932 609 1016 650 sutem
1027 600 1207 664 depununtur
1217 615 1249 651 cr

154 688 204 731 tor.
231 681 331 730 ‘Forte
348 679 400 729 fuit
416 680 480 728 Nais
494 678 681 739 lasmnomiue,
717 680 942 742 corpoream
958 674 1131 740 perhibentur
1149 678 1250 727 suiss-

153 757 237 820 prims
257 755 303 805 red
320 755 358 803 illi
381 753 461 804 Dicto
482 754 520 803 hir
547 753 679 817 antiquum
717 755 783 805 nise!
816 753 893 805 llund
915 753 1110 814 diremerunt,
1138 768 1199 818 qna
1216 753 1249 803 sic

153 833 243 881 litters
262 845 355 880 nomeu
375 829 449 880 eret!
482 831 558 878 Hsuc
573 829 680 877 eandem
717 829 826 880 Laribus
846 828 1002 879 Censorinus
1019 832 1047 878 et
1065 827 1174 878 Serriur
1188 843 1249 893 pro-

153 909 224 972 (quae
241 909 318 957 ‘Dea
334 904 521 969 Mutn'fuerit)
538 905 680 954 Firmisuus
716 905 850 954 didernut.
1052 903 1055 909 '

152 985 448 1049 hreuuumlornnque
468 984 607 1033 vocitatum
620 984 680 1032 sori·
750 986 781 1031 10
798 982 877 1030 Flun.
895 978 1015 1039 relinere
1037 977 1103 1040 Nor]
1131 978 1250 1043 septimo

153 1060 193 1109 bit
203 1062 230 1108 in
242 1061 324 1122 primo
334 1060 450 1109 Diuiuur.
466 1058 555 1121 lustit.
574 1059 613 1106 iris
623 1073 679 1106 rer·
716 1057 818 1107 AEueid.
850 1057 991 1107 ‘Sullurss
1008 1054 1248 1121 Nsrsibnssqnn'

153 1132 207 1182 bis:
224 1134 305 1183 ‘Quis
312 1147 369 1182 cnm
378 1133 468 1182 sudiut
475 1134 560 1182 Deum
569 1132 679 1192 Mutum,
720 1132 830 1182 Visetur.

152 1208 331 1258 tenererisunr
350 1209 450 1272 quest?
478 1208 556 1257 Hunc
572 1207 679 1257 essedi-
749 1211 778 1255 11
810 1208 947 1267 Nocticoior
973 1206 1050 1272 Styx]
1088 1205 1248 1269 Inierorurn,

153 1293 225 1347 uuut,
242 1300 276 1335 ex
295 1301 344 1350 qur
360 1287 414 1336 rint
429 1287 507 1336 Lsres
526 1286 592 1347 uati,
604 1293 631 1334 et
642 1286 680 1348 ip·
718 1282 787 1346 rpud
799 1297 861 1346 quos
873 1288 999 1346 perpetue
1010 1296 1061 1331 uox
1077 1288 1105 1332 et
1121 1282 1250 1345 tenebre,

153 1372 207 1408 sum
226 1360 318 1409 Lsrnm
346 1360 491 1421 nominant,
519 1360 560 1408 vel
581 1361 678 1410 Lsruu·
717 1360 876 1423 pulusstyx,
892 1360 956 1409 ‘Dii
973 1358 1248 1423 cujusjururetiment

153 1435 231 1484 dum?
240 1437 276 1487 Et
285 1436 402 1486 Verruin
411 1449 450 1485 rr.
460 1435 492 1484 de
501 1435 600 1497 lungun
609 1434 678 1483 Lrti·
717 1442 745 1485 et
756 1434 846 1484 fallere
857 1434 970 1484 nuncu!
986 1433 1118 1484 Hesiodus
1126 1435 1153 1483 iu
1163 1433 1247 1484 Tueo·

152 1525 187 1560 ur
195 1512 293 1573 scribit,
300 1512 403 1560 Tatium
413 1512 510 1573 Regem
519 1510 618 1558 rovirso
630 1510 680 1558 lu·
718 1512 803 1575 poulo,
815 1519 842 1559 et
853 1512 959 1561 Servius
969 1511 996 1560 iu
1007 1510 1157 1573 Virgilium.
1174 1509 1247 1561 rra

153 1587 253 1650 ruudae,
263 1588 392 1649 Termino,
401 1585 678 1647 Quirinuvnnumno,
751 1590 781 1637 12
808 1585 951 1650 Veliooiiqus
971 1584 1056 1648 usuris]
1084 1584 1163 1637 Quod
1186 1585 1246 1635 relir

153 1664 270 1725 Laribus,
283 1665 387 1726 Diuum,
397 1663 563 1727 Luciumque.
578 1662 679 1712 Acours.
717 1665 828 1727 soletur,
843 1672 872 1713 ut
883 1663 991 1727 exponit
1001 1668 1074 1712 retur
1090 1670 1247 1713 commente-

186 1741 238 1789 Neo
254 1742 339 1801 genius
357 1737 477 1800 αοιιιιιιιιιι]
503 1738 628 1801 Apuleius
646 1737 679 1788 de
718 1746 760 1790 tor
777 1740 803 1788 iu
824 1739 1028 1789 ducentesimum
1047 1746 1077 1787 et
1097 1737 1246 1788 vicesimum

153 1817 210 1867 lieo
224 1817 355 1867 Socratis:
379 1818 387 1844 ‘
401 1817 450 1867 Est
460 1823 489 1865 et
504 1815 618 1865 secundo
628 1817 679 1879 sig·
717 1821 836 1864 osterum
847 1828 947 1863 versum
959 1814 1036 1878 primi
1048 1812 1180 1863 AEneidur.
1195 1813 1246 1864 Sed

152 1893 258 1943 uiliostu
280 1892 381 1956 species
397 1893 558 1954 nemorum,
581 1892 678 1941 unimus
718 1904 768 1953 qus
779 1889 967 1953 significatione
979 1890 987 1917 ‘
999 1886 1142 1937 sterueudl'
1154 1897 1245 1939 ventur

151 1969 288 2030 humanus,
312 1969 428 2018 emeritis
452 1967 588 2031 stipendiis
609 1969 680 2030 vitre,
716 1964 891 2015 ‘couslrstor’
902 1967 980 2014 muris
992 1965 1113 2014 reliroli?
1130 1964 1207 2015 ldenr.

153 2045 318 2108 corporisne
337 2043 467 2106 abjurans.
501 2042 680 2094 Huncvo'rers
749 2041 894 2091 Leucouom
917 2041 986 2104 Lite]
1016 2041 1095 2090 i'euti
1116 2041 1245 2105 quoudsur

152 2119 245 2168 Lstimr
254 2120 341 2182 lingue
351 2117 454 2180 reperio
470 2117 592 2166 lemurcur
604 2117 679 2167 dicti-
717 2132 766 2181 pro
774 2118 832 2167 Diis
842 2118 919 2166 etism
931 2117 1008 2167 ueniti
1020 2115 1137 2170 fuerunt.
1170 2117 1246 2168 Cete-

154 2199 246 2241 toturn.
271 2193 311 2241 Ex
322 2191 392 2240 hisce
404 2206 467 2254 erpo
479 2191 626 2254 lemuribus,
636 2195 679 2256 qui
717 2207 773 2242 rum
792 2193 861 2255 lege,
878 2207 935 2257 qun
954 2192 1107 2242 Arirtoteles
1123 2191 1192 2242 libro
1208 2207 1247 2243 se·

153 2276 316 2328 posterorum
337 2280 438 2313 suorum
465 2279 551 2313 curcur
572 2267 680 2317 sortitus
716 2267 1247 2332 cundoMeteorologioou,Vitruviuupri·

153 2340 679 2406 pluentostqnietouumiuedomurnpos·
716 2357 758 2391 mo
775 2341 1016 2403 Architectuuicou,
1043 2340 1137 2391 Strsbo
1163 2343 1246 2406 primo

153 2416 231 2478 sidet,
242 2416 566 2466 LsrdiciturFumilinris.’
582 2419 679 2469 Eodem
716 2419 1247 2483 GeogrnplriuouSenecuextreruoquinc·

152 2489 233 2540 ferme
244 2506 277 2541 ex
289 2491 400 2556 Apuleio
417 2492 453 2541 D.
466 2492 624 2555 Augustinus
636 2497 678 2547 lrr·
717 2501 743 2543 to
762 2495 923 2545 Naturalium
942 2494 1129 2557 Quaesuonum,
1145 2495 1246 2545 Plinius

153 2567 199 2618 bet
217 2567 264 2617 lib.
286 2580 327 2616 rx.
343 2567 398 2616 Cir.
411 2567 472 2630 Dei,
488 2583 546 2632 cup.
566 2575 605 2618 11.
630 2571 679 2621 Ar·
715 2570 828 2619 secundo
846 2571 979 2620 Naturalir
997 2569 1132 2633 Historia,
1143 2570 1246 2622 Gellius

152 2643 244 2693 nobius
255 2643 300 2692 lib.
311 2655 354 2690 ιιι.
386 2642 552 2704 ιΡοιιιιιιιιιιι,
570 2645 591 2693 si
608 2647 679 2695 ride·
714 2647 827 2697 secundo
840 2649 963 2699 Noctium
974 2647 1128 2711 Atticarum,
1139 2649 1245 2713 Vegeti-

153 2727 206 2781 tur,
218 2718 363 2768 summatim
380 2717 475 2783 aliquio
488 2719 559 2768 etde
572 2721 679 2770 Lsribus
715 2738 745 2772 us
762 2732 854 2787 quurto
871 2726 903 2773 de
923 2726 960 2774 Re
979 2724 1097 2786 Militsri,
1115 2725 1149 2774 de
1161 2727 1245 2776 sentis

153 2794 250 2856 dicere,
267 2807 332 2858 quos
350 2794 492 2843 arbitretur
512 2795 602 2858 vulgus
614 2796 680 2846 vico·
715 2801 887 2863 scripserunt:
915 2809 942 2851 et
960 2815 1104 2864 cognosces
1121 2800 1246 2852 intercu-

153 2883 209 2920 rum
222 2876 300 2935 utque
310 2869 431 2921 itinerum
449 2870 520 2918 Deos
532 2884 638 2933 esse,ex
648 2886 679 2922 eo
716 2875 800 2939 tiquos
816 2876 931 2926 homiues
949 2890 1032 2941 neque
1047 2875 1079 2924 de
1090 2877 1244 2940 appelletio·

153 2945 219 3010 quod
242 2944 330 2996 Graeci
349 2945 418 2994 ricus
430 2946 611 3008 cognominant
621 2945 679 2996 λαύ-
714 2950 790 3000 nibus
812 2960 956 3014 ventorum,
978 2965 1062 3015 neque
1085 2950 1118 2999 de
1139 2949 1244 3015 tinibus,

152 3020 211 3083 pne!
223 3029 251 3070 et
263 3037 337 3071 uuux:
361 3020 369 3049 ‘
381 3020 466 3069 Varro
479 3020 597 3070 similiter
608 3021 682 3072 hori·
715 3041 799 3091 nequo
809 3028 840 3076 de
851 3042 957 3077 numeru
969 3028 1129 3077 convenisse.
1147 3029 1224 3079 luens.

152 3103 211 3144 tuus
231 3110 298 3145 nuuc
315 3110 373 3145 eure
391 3097 451 3145 illos
470 3097 573 3158 Mones,
582 3104 610 3147 et
619 3098 680 3149 ideo
748 3106 778 3152 lt
803 3103 932 3152 Honorum
954 3103 1013 3152 loru
1034 3103 1167 3154 derriceus
1183 3104 1245 3168 uper]

153 3170 268 3220 Munium
278 3177 385 3220 metrum
397 3185 453 3221 esse
473 3173 678 3236 cognominatum
715 3177 794 3227 Forte
806 3180 911 3227 ureiiur:
929 3177 1245 3231 numentanorum

154 3247 262 3296 ueram:
288 3261 355 3295 nuuc
366 3246 449 3297 uerius
461 3262 548 3298 rursus
560 3250 641 3313 Deos,
652 3258 679 3301 et
713 3269 773 3317 rurs.
807 3255 934 3305 Numeres
943 3255 1008 3303 huuc
1023 3254 1134 3304 Plautus
1143 3270 1243 3322 quoqne

152 3322 242 3371 heroas
262 3322 416 3385 pronunciet
438 3324 582 3385 appellari:
611 3339 678 3376 nuno
714 3330 784 3381 iuter
805 3332 883 3392 Deos,
904 3331 1029 3381 Bscchid.
1051 3344 1091 3381 ιν.
1113 3336 1139 3384 8.
1163 3334 1244 3386 edem

152 3396 315 3460 antiquorum
327 3397 468 3446 sententies
483 3410 602 3462 sequens,
617 3401 678 3450 Lur·
715 3420 777 3457 vero
787 3418 862 3457 exera
874 3406 982 3455 Portam
998 3406 1192 3459 cementum
1202 3411 1245 3460 112.

154 3488 199 3523 rus
210 3488 269 3522 esse
280 3474 345 3523 dicit
359 3475 449 3537 Lsres,
464 3477 535 3539 quui
556 3478 679 3541 quosdam
715 3481 781 3539 buit,
794 3490 861 3531 teste
875 3482 949 3531 Livio
961 3482 1003 3531 lib.
1015 3495 1081 3532 xxv.
1093 3497 1154 3548 cup.
1164 3490 1189 3536 7.

153 3550 242 3613 genios
261 3548 440 3599 defunctorum
459 3551 549 3601 animis
567 3559 679 3603 mortuo·
747 3558 799 3607 No.
811 3561 868 3606 844.
900 3557 1098 3621 lSpiceosruae]
1115 3561 1182 3612 Ques
1194 3563 1244 3625 rpi-

153 3625 228 3674 rum!
244 3624 288 3673 ubi
297 3623 408 3674 fortusse
418 3624 450 3674 ri
459 3627 553 3688 cuiuis,
564 3629 618 3677 sire
627 3630 679 3678 oni-
716 3632 754 3682 cis
770 3632 922 3681 innascitur.
956 3633 1108 3683 Priscianus
1120 3635 1147 3684 in
1158 3643 1244 3687 extre·

153 3715 204 3750 urus
226 3706 369 3748 mortuorum
395 3713 428 3749 ex
455 3701 678 3764 interpretstioue.
715 3721 757 3757 mo
769 3707 834 3756 libro
845 3715 931 3756 sexto.
952 3707 1058 3758 Vinctus.

153 3775 278 3824 Marcion.
297 3774 483 3837 emetiatur.
509 3777 625 3827 ‘Verum
643 3781 680 3832 illi
747 3784 841 3832 oMor
861 3783 930 3846 odor]
966 3784 1051 3833 Farris
1073 3793 1102 3835 et
1121 3786 1244 3839 frumenti

154 3852 256 3913 Manes,
266 3849 385 3914 quonism
397 3851 548 3915 corporibus
558 3853 603 3902 illo
615 3860 680 3905 leur·
716 3874 796 3923 geuns
819 3863 908 3924 Festo,
935 3862 1032 3924 Nouio,
1057 3863 1160 3930 Servio,
1184 3864 1245 3916 ‘sur

153 3943 217 3992 pore
236 3927 390 3990 tribuuntur,
410 3943 460 3992 quo
479 3928 510 3977 fit
526 3931 609 3993 primu
619 3947 679 3982 uon·
716 3936 847 3986 adoreum'
859 3937 927 4001 opud
937 3938 1065 3989 Plinium:
1083 3939 1117 3989 de
1129 3944 1243 4006 quoplo.

155 4005 251 4068 ceptio,
260 4003 338 4053 etiem
354 4008 414 4066 post
431 4004 509 4053 vitum
521 4005 611 4055 iisdem
623 4020 679 4056 cor·
716 4013 870 4061 rulluellins
881 4012 947 4063 libro
961 4014 1075 4064 secundo
1091 4015 1125 4066 de
1142 4018 1245 4069 Nature

154 4081 258 4144 poribus
279 4080 453 4144 delectentur,
472 4089 550 4146 utque
568 4098 624 4133 oum
642 4085 682 4135 his
716 4089 853 4152 stirpium.
871 4090 947 4139 lderr.

152 4165 286 4210 mouentes
299 4157 464 4224 uppsllrutur
474 4156 605 4211 Lemures.
628 4161 681 4214 Qui
748 4165 945 4231 Pult'uiounfsr]
961 4167 1001 4218 Er
1012 4168 1109 4232 polline
1120 4176 1149 4222 et
1160 4169 1245 4224 terim
