2804 4764
522 319 677 371 nosoun
705 321 884 374 eorunm.
1164 308 1249 378 1197

155 464 250 526 odorio,
267 464 363 528 pultem
375 461 481 514 fuoleus.
506 465 684 515 ‘Pultideum'
722 481 822 515 versum
843 468 934 517 decimi
956 467 1074 520 ffiueidut
1094 472 1250 519 tercenteei·
1288 463 1294 474 ’

156 549 244 591 eutem
263 544 320 605 quis
341 549 402 591 unte
420 541 561 591 Ausonium
580 558 684 608 compo·
721 557 789 592 mum
799 549 827 592 et
836 544 1099 593 tricetimumsextum
1109 547 1247 608 coepieeet:

153 621 238 667 euerit
248 625 364 667 veterum
375 619 539 682 scriptorum,
549 619 629 670 hubeo
641 635 684 669 ne·
721 620 803 668 ‘'l'um
813 619 870 668 Deo
881 619 949 669 nube
961 634 1025 668 euve
1034 620 1066 666 :'‘
1079 621 1154 669 Nube
1166 620 1250 680 ouvu‚'

153 693 257 743 minem.
274 693 348 742 Idem.
720 694 805 758 iuquit
815 696 929 757 Servios,
942 697 1184 746 ‘erituominutivue
1193 697 1249 746 bueo

186 769 375 832 {fleureium}
400 770 632 834 Exudorepenitt
650 786 684 820 ex
721 770 811 820 unbeu.
845 771 912 820 Nem
940 770 1015 821 Nube
1042 783 1093 821 nou
1120 773 1254 823 dicimus:

154 845 298 909 eodemque
310 854 395 909 potue,
412 861 490 911 quum
503 847 569 910 pulli
581 848 635 910 jum
647 847 683 895 di·
721 846 789 910 qnod
800 847 836 896 uit
848 847 936 896 Livius
944 846 1125 898 Andronicus:
1142 850 1186 913 qui
1197 850 1249 912 pri-

153 921 253 983 lotiori,
265 922 405 986 plusuqum
418 922 570 972 addebatur.
590 924 683 973 Lucius
720 937 776 972 mut
796 923 880 972 edidit
899 922 1012 972 fabulum
1039 923 1158 973 Latinum
1179 925 1249 988 epod

152 999 257 1046 Seneca
277 997 343 1045 libro
360 998 474 1046 recondo
492 997 613 1047 breuiorii
635 997 685 1048 Ro·
720 998 787 1047 noe!
804 998 879 1047 Iden.

153 1073 234 1134 muni,
254 1072 355 1120 Plinius
366 1073 392 1120 in
407 1081 523 1122 extremo
534 1072 600 1121 libro
614 1072 688 1123 vice·
755 1078 770 1121 d
787 1074 942 1139 Detpticotae]
972 1073 1098 1137 Apollini·
1119 1075 1249 1139 Delphici,

153 1149 220 1196 simo
231 1148 354 1209 secundo,
374 1148 487 1211 potionis
507 1163 540 1197 ex
555 1147 685 1197 fnumeuto
720 1150 769 1199 hoc
791 1144 1112 1213 en‚1)elpnupemuete
1131 1151 1204 1212 culti,
1221 1161 1249 1199 et

153 1223 211 1272 fieri
231 1224 313 1271 eulitae
333 1224 513 1284 meminerunt,
531 1239 607 1288 quum
623 1224 683 1274 Hiu-
721 1224 852 1272 oraculum
869 1224 997 1285 habentis,
1014 1224 1079 1273 orbo
1095 1225 1121 1273 iu
1136 1227 1255 1274 Purouuo

153 1300 215 1363 puni
229 1301 320 1348 Cetium
332 1301 463 1349 vocabunt.
482 1300 556 1349 Idem.
721 1305 808 1348 moute
819 1299 877 1348 ritu.
910 1300 972 1349 soto
989 1308 1075 1350 eutem
1096 1301 1139 1350 illu
1155 1311 1183 1350 et
1195 1317 1248 1351 um-

185 1377 294 1439 solit]
312 1376 684 1440 Huneherbumaliiuineupi·
720 1372 824 1437 tignum
850 1389 1001 1439 reopouuum
1028 1375 1101 1426 fuit:
1127 1376 1198 1426 ‘Aio
1221 1386 1249 1428 te

134 1446 141 1459 '
154 1453 207 1500 rirn
219 1454 353 1501 scribunt:
379 1453 412 1501 de
424 1467 473 1515 que
486 1453 544 1500 vide
557 1453 682 1501 Ruellium
720 1448 826 1498 AEucide
837 1450 966 1500 Romanos
979 1453 1082 1501 vincere
1092 1453 1186 1516 potue!
1197 1454 1249 1502 En·

153 1542 186 1576 ex
196 1529 292 1588 Plinio,
302 1536 329 1577 et
341 1529 405 1577 eliis.
423 1528 496 1576 Idem.
720 1525 756 1573 nii
776 1539 865 1574 versus
887 1526 955 1588 uprud
971 1527 1184 1589 Quinctilium,
1204 1528 1249 1577 lib.
1328 1577 1329 1580 ,

185 1610 203 1654 9
221 1607 253 1653 Et
264 1604 396 1666 Pelusiaco]
413 1604 544 1653 Pelusium
552 1603 684 1668 oppidum,
721 1614 773 1651 vn.
792 1602 826 1650 de
845 1602 1020 1666 Amphiboliu,
1038 1610 1067 1655 et
1084 1605 1153 1667 epod
1174 1604 1247 1653 cice-

153 1688 181 1729 et
199 1695 276 1727 unum
295 1694 327 1727 ex
348 1687 448 1742 septem
467 1680 519 1729 Nili
539 1680 619 1730 ostiis.
650 1680 683 1729 ln
720 1688 808 1724 ronem
827 1677 941 1726 necundo
958 1677 992 1727 de
1011 1679 1186 1728 Divinatione·
1206 1678 1248 1728 Vi·

153 1770 206 1819 quu
218 1756 323 1818 AEgypti
335 1762 409 1818 purte
420 1755 475 1802 leue
491 1755 591 1818 optimu
601 1757 682 1805 uueoi·
720 1756 769 1799 uel·

153 1839 207 1889 tur,
216 1830 349 1880 celebrate
361 1829 427 1878 libro
436 1829 518 1893 primo
526 1828 683 1893 Georgicon.
752 1830 769 1874 d
786 1826 918 1876 Threicium
936 1826 1061 1891 iridyeum]
1082 1828 1247 1892 ‘Libycum'

154 1907 232 1955 Μαι,
720 1900 845 1965 iutelligit
866 1904 1027 1967 AEgypttume
1057 1918 1116 1953 uem
1144 1906 1250 1968 vulget·

189 1985 221 2029 ιο
238 1982 419 2044 Quinquegenut
439 1979 501 2043 nux]
527 1980 592 2032 Quo
611 1980 683 2045 quin·
721 1978 799 2028 lootio
815 1988 856 2028 eet
873 1979 1027 2043 Hieronymi
1039 1980 1154 2031 Avuutli.
1171 1982 1249 2032 Souli-

153 2072 206 2123 quo
227 2071 322 2121 genero
341 2065 401 2106 tunt
418 2056 535 2120 Jugluue,
548 2055 683 2118 Atellano,
719 2069 772 2116 ger.

155 2133 303 2195 Amigdulu,
321 2132 458 2191 Curtaneu,
476 2136 504 2180 et
522 2131 606 2180 Pinea
622 2145 683 2189 uox,
752 2133 788 2180 Et
799 2132 895 2191 semoto
912 2137 981 2181 oerlro
999 2137 1080 2182 Μαί
1097 2147 1162 2182 more
1183 2134 1248 2183 Cim·

152 2207 225 2271 apud
238 2207 429 2269 Dioscoridem,
444 2207 565 2268 Plinium,
582 2207 684 2256 illecto·
720 2208 818 2256 mertun
840 2207 891 2270 boe]
910 2209 994 2258 Vetne
1015 2209 1097 2258 liber:
1115 2210 1248 2259 Threicium

153 2285 235 2334 bium.
252 2284 327 2333 Idem.
720 2283 834 2347 Libycum
839 2283 907 2343 frelo
920 2285 1116 2349 Cimmeriumque
1125 2291 1189 2335 secut
1198 2286 1247 2335 doe.

186 2366 217 2411 11
237 2362 271 2409 Et
281 2360 350 2423 potu]
377 2360 421 2410 Fir
435 2375 467 2409 ex
487 2374 553 2424 uque
570 2365 598 2408 et
608 2359 684 2408 mello
720 2356 859 2407 Iomututu
870 2360 895 2407 in
909 2374 1013 2409 vectum
1025 2360 1057 2409 ub
1068 2359 1145 2421 Jove,
1153 2359 1219 2409 libro
1227 2373 1247 2410 1.

153 2437 313 2501 hydromeli:
340 2449 373 2484 ex
391 2441 467 2484 uoeto
484 2441 512 2484 et
529 2434 605 2482 melle
622 2448 685 2497 oxy·
721 2433 1003 2500 Metamorpl1.0eidii,
1020 2436 1088 2499 opud
1107 2437 1250 2500 Hyginum,

152 2514 231 2563 meli:
249 2510 685 2577 dequibnu,etMelitide,Plinius,
721 2510 927 2578 Lycophronem,
938 2520 966 2561 et
976 2511 1065 2571 ulioo,‘
1080 2510 1161 2570 nuilo‚'
1179 2511 1248 2576 (eive

154 2589 333 2651 Dioscorides,
344 2587 457 2636 Goleuuu
469 2586 557 2635 etalii.
579 2586 653 2634 Iden.
721 2585 874 2634 ‘tabanum’
895 2586 947 2635 dici
968 2589 1063 2649 placet,
1085 2587 1122 2635 uit
1139 2587 1247 2647 Pliniou,

188 2669 220 2714 12
234 2661 530 2723 euimnmunutotjoex]
547 2661 684 2710 Crur‘tiex’
721 2661 789 2722 quod
813 2663 905 2711 intecti
928 2676 1008 2725 genua
1027 2659 1128 2725 οἶστρον,
1150 2662 1176 2711 id
1198 2672 1249 2723 est,

152 2743 180 2790 in
198 2741 249 2789 imo
261 2740 376 2789 srrbtidat
396 2740 517 2798 onmium,
535 2738 583 2786 uiui
594 2739 686 2802 mellis,
721 2745 838 2799 ostrum,
860 2738 954 2787 ‘Gruli
979 2748 1081 2789 vertero
1108 2741 1249 2802 voounlet,’

153 2818 303 2879 disputetur
334 2816 446 2877 septimo
480 2814 683 2863 Suturuuliurum
720 2812 804 2876 lnquit
830 2813 953 2877 Virgilius
984 2816 1061 2863 tertio
1089 2817 1248 2880 Georgicon)

155 2891 294 2940 Macrobii.
312 2891 387 2939 idem.
720 2890 860 2946 concitatu,
880 2905 912 2938 ex
931 2891 1034 2952 Europe
1052 2892 1078 2939 iu
1096 2891 1183 2940 Auium
1202 2907 1249 2956 per

188 2969 306 3016 Nullo.
332 2970 344 3013 l
365 2965 475 3015 OEboliue
491 2965 552 3028 flor]
571 2964 683 3028 Hyaciu·
720 2965 1248 3028 BosporumTlrruoinrn,vel,utuliiucri·

154 3043 223 3091 rhus.
253 3043 354 3089 Vinum.
722 3039 795 3101 buut,
824 3056 870 3103 per
907 3043 1059 3090 Cimmerium
1093 3043 1248 3105 Bosporum,

185 3125 202 3166 4
221 3118 347 3177 perjurum
358 3117 498 3180 Lopiliom]
515 3117 568 3166 Cur
586 3117 594 3144 ⁴
607 3113 683 3178 perli-
722 3117 833 3164 transiit.
857 3116 973 3180 Indeque
986 3124 1086 3166 trunuto
1097 3118 1171 3178 muri,
1179 3120 1248 3183 quod

152 3195 215 3243 dum
225 3193 355 3242 Ixionem’
369 3194 506 3257 appellarit
517 3192 640 3241 Horatius
650 3192 684 3241 de
721 3189 809 3239 utiam
827 3190 1003 3256 Africamque,
1022 3208 1099 3256 quam
1118 3194 1190 3243 Graii
1204 3195 1249 3242 Li·

153 3279 211 3320 orte
231 3270 343 3332 politice,
361 3284 394 3318 ex
406 3269 515 3317 Acrouie
533 3268 603 3316 disee
615 3281 684 3316 com·
721 3265 788 3328 byeu
807 3276 907 3328 vocant,
924 3269 1050 3324 interluit,
1067 3270 1092 3317 iu
1107 3269 1247 3334 AEgyptnm

152 3347 295 3396 meururiiu.
329 3346 444 3407 Lupitlrm
464 3352 551 3393 entem
571 3351 600 3393 et
623 3345 683 3392 Cen·
721 3344 855 3403 pervenit:
879 3343 924 3392 ubi
944 3345 1000 3393 Dee
1021 3344 1072 3395 leit
1093 3346 1181 3396 habitu
1198 3355 1247 3397 eut.
1353 3388 1356 3394 .

151 3423 227 3484 teum,
246 3423 290 3486 qui
309 3429 337 3471 et
349 3421 564 3485 Hippocratem,
574 3419 683 3469 diveruae
725 3418 831 3469 Vinelm.

152 3509 245 3563 gentes
262 3501 400 3550 Theueeliae
422 3498 544 3548 fuerunt:
573 3507 600 3548 et
618 3500 683 3548 Ceu·
752 3497 842 3544 ulvon
852 3496 1164 3562 eineHomudeodiefoto]
1181 3499 1247 3550 Qnae

152 3577 287 3627 tuoronim
308 3583 382 3638 puter
403 3575 493 3623 Ixion:
520 3575 563 3637 qui
579 3575 616 3622 uic
634 3574 683 3622 hoo
722 3570 857 3620 arboribus
877 3587 990 3636 preesse
1008 3574 1114 3624 creditu
1136 3583 1205 3636 eunt,
1221 3581 1249 3625 et

152 3653 212 3702 loco
238 3652 348 3712 Lupitlm
372 3666 419 3714 pro
442 3651 572 3700 Centauro
596 3650 683 3700 dictus
722 3648 797 3696 timul
816 3663 874 3697 cum
894 3650 945 3698 uuis
968 3649 1103 3698 arboribus
1121 3657 1148 3698 et
1167 3651 1250 3711 nauci,

153 3727 244 3776 fuerit.
264 3728 341 3775 tum.
722 3729 749 3771 et
768 3725 862 3785 perire.
894 3724 998 3773 Servius
1019 3724 1044 3773 iu
1066 3725 1169 3774 Gallum
1189 3725 1248 3771 Vir·

183 3803 289 3851 dononio
300 3802 371 3866 nube]
383 3802 683 3852 Concubniueelxionem
721 3799 782 3860 gilii·
816 3799 847 3846 In
868 3797 1007 3847 ‘arborea'
1032 3806 1116 3847 nutem
1133 3797 1248 3845 ultimum
1291 3800 1297 3808 '

152 3893 211 3929 oum
230 3879 299 3925 unbe
319 3876 615 3937 subnluutur‚Junonem
627 3891 684 3926 eree
721 3883 813 3923 nature
833 3877 936 3924 brevem
956 3872 1102 3938 producunt
1119 3873 1176 3920 duee
1195 3872 1247 3932 pri-

153 3968 232 4018 quum
245 3959 367 4015 putaret:
397 3960 423 4022 et
444 3967 476 4000 ex
497 3967 529 4001 eo
544 3967 684 4015 congressu
721 3963 778 3998 oreo
790 3945 1133 4008 coueononrermououyllubi
1144 3943 1248 3993 ‘trube’

152 4039 227 4079 uetus
245 4042 302 4076 esse
320 4029 474 4088 Centauros,
493 4043 556 4092 quus
575 4029 684 4077 Ovidius
722 4025 797 4074 idem.

153 4105 455 4170 uppellut‘Nubigeuue'
467 4104 617 4153 duodecimo
630 4106 684 4153 Me·
753 4105 768 4148 8
786 4103 838 4157 Quo
848 4106 963 4162 generula
977 4094 1066 4156 Vim]
1082 4094 1248 4157 Elllglssmmss

154 4184 360 4246 tumorphoeeou.
376 4183 503 4245 Virgilius
513 4188 684 4246 auremquum
722 4188 825 4226 xum.
842 4177 916 4225 Idem.
